%YAML 1.1
%TAG !u! tag:unity3d.com,2011:
--- !u!29 &1
OcclusionCullingSettings:
  m_ObjectHideFlags: 0
  serializedVersion: 2
  m_OcclusionBakeSettings:
    smallestOccluder: 5
    smallestHole: 0.25
    backfaceThreshold: 100
  m_SceneGUID: 00000000000000000000000000000000
  m_OcclusionCullingData: {fileID: 0}
--- !u!104 &2
RenderSettings:
  m_ObjectHideFlags: 0
  serializedVersion: 9
  m_Fog: 0
  m_FogColor: {r: 0.5, g: 0.5, b: 0.5, a: 1}
  m_FogMode: 3
  m_FogDensity: 0.01
  m_LinearFogStart: 0
  m_LinearFogEnd: 300
  m_AmbientSkyColor: {r: 0.212, g: 0.227, b: 0.259, a: 1}
  m_AmbientEquatorColor: {r: 0.114, g: 0.125, b: 0.133, a: 1}
  m_AmbientGroundColor: {r: 0.047, g: 0.043, b: 0.035, a: 1}
  m_AmbientIntensity: 1
  m_AmbientMode: 0
  m_SubtractiveShadowColor: {r: 0.42, g: 0.478, b: 0.627, a: 1}
  m_SkyboxMaterial: {fileID: 10304, guid: 0000000000000000f000000000000000, type: 0}
  m_HaloStrength: 0.5
  m_FlareStrength: 1
  m_FlareFadeSpeed: 3
  m_HaloTexture: {fileID: 0}
  m_SpotCookie: {fileID: 10001, guid: 0000000000000000e000000000000000, type: 0}
  m_DefaultReflectionMode: 0
  m_DefaultReflectionResolution: 128
  m_ReflectionBounces: 1
  m_ReflectionIntensity: 1
  m_CustomReflection: {fileID: 0}
  m_Sun: {fileID: 705507994}
  m_IndirectSpecularColor: {r: 0.44657898, g: 0.4964133, b: 0.5748178, a: 1}
  m_UseRadianceAmbientProbe: 0
--- !u!157 &3
LightmapSettings:
  m_ObjectHideFlags: 0
  serializedVersion: 12
  m_GIWorkflowMode: 1
  m_GISettings:
    serializedVersion: 2
    m_BounceScale: 1
    m_IndirectOutputScale: 1
    m_AlbedoBoost: 1
    m_EnvironmentLightingMode: 0
    m_EnableBakedLightmaps: 1
    m_EnableRealtimeLightmaps: 0
  m_LightmapEditorSettings:
    serializedVersion: 12
    m_Resolution: 2
    m_BakeResolution: 40
    m_AtlasSize: 1024
    m_AO: 0
    m_AOMaxDistance: 1
    m_CompAOExponent: 1
    m_CompAOExponentDirect: 0
    m_ExtractAmbientOcclusion: 0
    m_Padding: 2
    m_LightmapParameters: {fileID: 0}
    m_LightmapsBakeMode: 1
    m_TextureCompression: 1
    m_FinalGather: 0
    m_FinalGatherFiltering: 1
    m_FinalGatherRayCount: 256
    m_ReflectionCompression: 2
    m_MixedBakeMode: 2
    m_BakeBackend: 1
    m_PVRSampling: 1
    m_PVRDirectSampleCount: 32
    m_PVRSampleCount: 500
    m_PVRBounces: 2
    m_PVREnvironmentSampleCount: 500
    m_PVREnvironmentReferencePointCount: 2048
    m_PVRFilteringMode: 2
    m_PVRDenoiserTypeDirect: 0
    m_PVRDenoiserTypeIndirect: 0
    m_PVRDenoiserTypeAO: 0
    m_PVRFilterTypeDirect: 0
    m_PVRFilterTypeIndirect: 0
    m_PVRFilterTypeAO: 0
    m_PVREnvironmentMIS: 0
    m_PVRCulling: 1
    m_PVRFilteringGaussRadiusDirect: 1
    m_PVRFilteringGaussRadiusIndirect: 5
    m_PVRFilteringGaussRadiusAO: 2
    m_PVRFilteringAtrousPositionSigmaDirect: 0.5
    m_PVRFilteringAtrousPositionSigmaIndirect: 2
    m_PVRFilteringAtrousPositionSigmaAO: 1
    m_ExportTrainingData: 0
    m_TrainingDataDestination: TrainingData
    m_LightProbeSampleCountMultiplier: 4
  m_LightingDataAsset: {fileID: 0}
  m_LightingSettings: {fileID: 0}
--- !u!196 &4
NavMeshSettings:
  serializedVersion: 2
  m_ObjectHideFlags: 0
  m_BuildSettings:
    serializedVersion: 2
    agentTypeID: 0
    agentRadius: 0.5
    agentHeight: 2
    agentSlope: 45
    agentClimb: 0.4
    ledgeDropHeight: 0
    maxJumpAcrossDistance: 0
    minRegionArea: 2
    manualCellSize: 0
    cellSize: 0.16666667
    manualTileSize: 0
    tileSize: 256
    accuratePlacement: 0
    maxJobWorkers: 0
    preserveTilesOutsideBounds: 0
    debug:
      m_Flags: 0
  m_NavMeshData: {fileID: 0}
--- !u!1 &660625
GameObject:
  m_ObjectHideFlags: 3
  m_CorrespondingSourceObject: {fileID: 0}
  m_PrefabInstance: {fileID: 0}
  m_PrefabAsset: {fileID: 0}
  serializedVersion: 6
  m_Component:
  - component: {fileID: 660626}
  - component: {fileID: 660629}
  - component: {fileID: 660630}
  m_Layer: 0
  m_Name: cm
  m_TagString: Untagged
  m_Icon: {fileID: 0}
  m_NavMeshLayer: 0
  m_StaticEditorFlags: 0
  m_IsActive: 1
--- !u!4 &660626
Transform:
  m_ObjectHideFlags: 3
  m_CorrespondingSourceObject: {fileID: 0}
  m_PrefabInstance: {fileID: 0}
  m_PrefabAsset: {fileID: 0}
  m_GameObject: {fileID: 660625}
  m_LocalRotation: {x: -0.09626807, y: -0.33220774, z: 0.03410707, w: 0.9376605}
  m_LocalPosition: {x: -1.5837152, y: -1.506719, z: 7.0591903}
  m_LocalScale: {x: 1, y: 1, z: 1}
  m_ConstrainProportionsScale: 0
  m_Children: []
  m_Father: {fileID: 1506091736}
  m_RootOrder: 0
  m_LocalEulerAnglesHint: {x: 0, y: 0, z: 0}
--- !u!114 &660629
MonoBehaviour:
  m_ObjectHideFlags: 3
  m_CorrespondingSourceObject: {fileID: 0}
  m_PrefabInstance: {fileID: 0}
  m_PrefabAsset: {fileID: 0}
  m_GameObject: {fileID: 660625}
  m_Enabled: 1
  m_EditorHideFlags: 0
  m_Script: {fileID: 11500000, guid: ac0b09e7857660247b1477e93731de29, type: 3}
  m_Name: 
  m_EditorClassIdentifier: 
--- !u!114 &660630
MonoBehaviour:
  m_ObjectHideFlags: 3
  m_CorrespondingSourceObject: {fileID: 0}
  m_PrefabInstance: {fileID: 0}
  m_PrefabAsset: {fileID: 0}
  m_GameObject: {fileID: 660625}
  m_Enabled: 1
  m_EditorHideFlags: 0
  m_Script: {fileID: 11500000, guid: 6ad980451443d70438faac0bc6c235a0, type: 3}
  m_Name: 
  m_EditorClassIdentifier: 
  m_TrackedObjectOffset: {x: 0, y: 0, z: 0}
  m_LookaheadTime: 0
  m_LookaheadSmoothing: 0
  m_LookaheadIgnoreY: 0
  m_XDamping: 1
  m_YDamping: 1
  m_ZDamping: 1
  m_TargetMovementOnly: 1
  m_ScreenX: 0.5
  m_ScreenY: 0.5
  m_CameraDistance: 10
  m_DeadZoneWidth: 0
  m_DeadZoneHeight: 0
  m_DeadZoneDepth: 0
  m_UnlimitedSoftZone: 0
  m_SoftZoneWidth: 0.8
  m_SoftZoneHeight: 0.8
  m_BiasX: 0
  m_BiasY: 0
  m_CenterOnActivate: 1
  m_GroupFramingMode: 2
  m_AdjustmentMode: 0
  m_GroupFramingSize: 0.8
  m_MaxDollyIn: 5000
  m_MaxDollyOut: 5000
  m_MinimumDistance: 1
  m_MaximumDistance: 5000
  m_MinimumFOV: 3
  m_MaximumFOV: 60
  m_MinimumOrthoSize: 1
  m_MaximumOrthoSize: 5000
--- !u!1001 &97874316
PrefabInstance:
  m_ObjectHideFlags: 0
  serializedVersion: 2
  m_Modification:
    m_TransformParent: {fileID: 166775372}
    m_Modifications:
    - target: {fileID: 3855868761091861311, guid: 2e6856101b8d9c8a1b4a706b8e91dcd4, type: 3}
      propertyPath: m_Name
      value: Top Side
      objectReference: {fileID: 0}
    - target: {fileID: 5488417914949905539, guid: 2e6856101b8d9c8a1b4a706b8e91dcd4, type: 3}
      propertyPath: m_RootOrder
      value: 1
      objectReference: {fileID: 0}
    - target: {fileID: 5488417914949905539, guid: 2e6856101b8d9c8a1b4a706b8e91dcd4, type: 3}
      propertyPath: m_LocalPosition.x
      value: 0
      objectReference: {fileID: 0}
    - target: {fileID: 5488417914949905539, guid: 2e6856101b8d9c8a1b4a706b8e91dcd4, type: 3}
      propertyPath: m_LocalPosition.y
      value: 0
      objectReference: {fileID: 0}
    - target: {fileID: 5488417914949905539, guid: 2e6856101b8d9c8a1b4a706b8e91dcd4, type: 3}
      propertyPath: m_LocalPosition.z
      value: 10.5
      objectReference: {fileID: 0}
    - target: {fileID: 5488417914949905539, guid: 2e6856101b8d9c8a1b4a706b8e91dcd4, type: 3}
      propertyPath: m_LocalRotation.w
      value: 1
      objectReference: {fileID: 0}
    - target: {fileID: 5488417914949905539, guid: 2e6856101b8d9c8a1b4a706b8e91dcd4, type: 3}
      propertyPath: m_LocalRotation.x
      value: -0
      objectReference: {fileID: 0}
    - target: {fileID: 5488417914949905539, guid: 2e6856101b8d9c8a1b4a706b8e91dcd4, type: 3}
      propertyPath: m_LocalRotation.y
      value: -0
      objectReference: {fileID: 0}
    - target: {fileID: 5488417914949905539, guid: 2e6856101b8d9c8a1b4a706b8e91dcd4, type: 3}
      propertyPath: m_LocalRotation.z
      value: -0
      objectReference: {fileID: 0}
    - target: {fileID: 5488417914949905539, guid: 2e6856101b8d9c8a1b4a706b8e91dcd4, type: 3}
      propertyPath: m_LocalEulerAnglesHint.x
      value: 0
      objectReference: {fileID: 0}
    - target: {fileID: 5488417914949905539, guid: 2e6856101b8d9c8a1b4a706b8e91dcd4, type: 3}
      propertyPath: m_LocalEulerAnglesHint.y
      value: 0
      objectReference: {fileID: 0}
    - target: {fileID: 5488417914949905539, guid: 2e6856101b8d9c8a1b4a706b8e91dcd4, type: 3}
      propertyPath: m_LocalEulerAnglesHint.z
      value: 0
      objectReference: {fileID: 0}
    m_RemovedComponents: []
  m_SourcePrefab: {fileID: 100100000, guid: 2e6856101b8d9c8a1b4a706b8e91dcd4, type: 3}
--- !u!1001 &157591202
PrefabInstance:
  m_ObjectHideFlags: 0
  serializedVersion: 2
  m_Modification:
    m_TransformParent: {fileID: 166775372}
    m_Modifications:
    - target: {fileID: 3855868761091861311, guid: 2e6856101b8d9c8a1b4a706b8e91dcd4, type: 3}
      propertyPath: m_Name
      value: Left Side
      objectReference: {fileID: 0}
    - target: {fileID: 5488417914949905539, guid: 2e6856101b8d9c8a1b4a706b8e91dcd4, type: 3}
      propertyPath: m_RootOrder
      value: 3
      objectReference: {fileID: 0}
    - target: {fileID: 5488417914949905539, guid: 2e6856101b8d9c8a1b4a706b8e91dcd4, type: 3}
      propertyPath: m_LocalPosition.x
      value: -10.5
      objectReference: {fileID: 0}
    - target: {fileID: 5488417914949905539, guid: 2e6856101b8d9c8a1b4a706b8e91dcd4, type: 3}
      propertyPath: m_LocalPosition.y
      value: 0
      objectReference: {fileID: 0}
    - target: {fileID: 5488417914949905539, guid: 2e6856101b8d9c8a1b4a706b8e91dcd4, type: 3}
      propertyPath: m_LocalPosition.z
      value: 0
      objectReference: {fileID: 0}
    - target: {fileID: 5488417914949905539, guid: 2e6856101b8d9c8a1b4a706b8e91dcd4, type: 3}
      propertyPath: m_LocalRotation.w
      value: 0.7071068
      objectReference: {fileID: 0}
    - target: {fileID: 5488417914949905539, guid: 2e6856101b8d9c8a1b4a706b8e91dcd4, type: 3}
      propertyPath: m_LocalRotation.x
      value: -0
      objectReference: {fileID: 0}
    - target: {fileID: 5488417914949905539, guid: 2e6856101b8d9c8a1b4a706b8e91dcd4, type: 3}
      propertyPath: m_LocalRotation.y
      value: 0.7071068
      objectReference: {fileID: 0}
    - target: {fileID: 5488417914949905539, guid: 2e6856101b8d9c8a1b4a706b8e91dcd4, type: 3}
      propertyPath: m_LocalRotation.z
      value: -0
      objectReference: {fileID: 0}
    - target: {fileID: 5488417914949905539, guid: 2e6856101b8d9c8a1b4a706b8e91dcd4, type: 3}
      propertyPath: m_LocalEulerAnglesHint.x
      value: 0
      objectReference: {fileID: 0}
    - target: {fileID: 5488417914949905539, guid: 2e6856101b8d9c8a1b4a706b8e91dcd4, type: 3}
      propertyPath: m_LocalEulerAnglesHint.y
      value: 90
      objectReference: {fileID: 0}
    - target: {fileID: 5488417914949905539, guid: 2e6856101b8d9c8a1b4a706b8e91dcd4, type: 3}
      propertyPath: m_LocalEulerAnglesHint.z
      value: 0
      objectReference: {fileID: 0}
    m_RemovedComponents: []
  m_SourcePrefab: {fileID: 100100000, guid: 2e6856101b8d9c8a1b4a706b8e91dcd4, type: 3}
--- !u!1 &166775371
GameObject:
  m_ObjectHideFlags: 0
  m_CorrespondingSourceObject: {fileID: 0}
  m_PrefabInstance: {fileID: 0}
  m_PrefabAsset: {fileID: 0}
  serializedVersion: 6
  m_Component:
  - component: {fileID: 166775372}
  m_Layer: 0
  m_Name: Board
  m_TagString: Untagged
  m_Icon: {fileID: 0}
  m_NavMeshLayer: 0
  m_StaticEditorFlags: 0
  m_IsActive: 1
--- !u!4 &166775372
Transform:
  m_ObjectHideFlags: 0
  m_CorrespondingSourceObject: {fileID: 0}
  m_PrefabInstance: {fileID: 0}
  m_PrefabAsset: {fileID: 0}
  m_GameObject: {fileID: 166775371}
  m_LocalRotation: {x: 0, y: 0, z: 0, w: 1}
  m_LocalPosition: {x: 0, y: 0, z: 0}
  m_LocalScale: {x: 1, y: 1, z: 1}
  m_ConstrainProportionsScale: 0
  m_Children:
  - {fileID: 1425068398}
  - {fileID: 1034018784}
  - {fileID: 1659703855}
  - {fileID: 737688720}
  - {fileID: 1259542588}
  m_Father: {fileID: 0}
  m_RootOrder: 0
  m_LocalEulerAnglesHint: {x: 0, y: 0, z: 0}
--- !u!1001 &398624235
PrefabInstance:
  m_ObjectHideFlags: 0
  serializedVersion: 2
  m_Modification:
    m_TransformParent: {fileID: 1095742043}
    m_Modifications:
    - target: {fileID: 2598619694972572831, guid: 78457a46a6461ea6faf591a9e1e3300f, type: 3}
      propertyPath: m_RootOrder
      value: 1
      objectReference: {fileID: 0}
    - target: {fileID: 2598619694972572831, guid: 78457a46a6461ea6faf591a9e1e3300f, type: 3}
      propertyPath: m_LocalPosition.x
      value: 2.36
      objectReference: {fileID: 0}
    - target: {fileID: 2598619694972572831, guid: 78457a46a6461ea6faf591a9e1e3300f, type: 3}
      propertyPath: m_LocalPosition.y
      value: 0.29999954
      objectReference: {fileID: 0}
    - target: {fileID: 2598619694972572831, guid: 78457a46a6461ea6faf591a9e1e3300f, type: 3}
      propertyPath: m_LocalPosition.z
      value: -6.82
      objectReference: {fileID: 0}
    - target: {fileID: 2598619694972572831, guid: 78457a46a6461ea6faf591a9e1e3300f, type: 3}
      propertyPath: m_LocalRotation.w
      value: 1
      objectReference: {fileID: 0}
    - target: {fileID: 2598619694972572831, guid: 78457a46a6461ea6faf591a9e1e3300f, type: 3}
      propertyPath: m_LocalRotation.x
      value: -0
      objectReference: {fileID: 0}
    - target: {fileID: 2598619694972572831, guid: 78457a46a6461ea6faf591a9e1e3300f, type: 3}
      propertyPath: m_LocalRotation.y
      value: -0
      objectReference: {fileID: 0}
    - target: {fileID: 2598619694972572831, guid: 78457a46a6461ea6faf591a9e1e3300f, type: 3}
      propertyPath: m_LocalRotation.z
      value: -0
      objectReference: {fileID: 0}
    - target: {fileID: 2598619694972572831, guid: 78457a46a6461ea6faf591a9e1e3300f, type: 3}
      propertyPath: m_LocalEulerAnglesHint.x
      value: 0
      objectReference: {fileID: 0}
    - target: {fileID: 2598619694972572831, guid: 78457a46a6461ea6faf591a9e1e3300f, type: 3}
      propertyPath: m_LocalEulerAnglesHint.y
      value: 0
      objectReference: {fileID: 0}
    - target: {fileID: 2598619694972572831, guid: 78457a46a6461ea6faf591a9e1e3300f, type: 3}
      propertyPath: m_LocalEulerAnglesHint.z
      value: 0
      objectReference: {fileID: 0}
    - target: {fileID: 6753198143802823459, guid: 78457a46a6461ea6faf591a9e1e3300f, type: 3}
      propertyPath: m_Name
      value: Spinner 2
      objectReference: {fileID: 0}
    m_RemovedComponents: []
  m_SourcePrefab: {fileID: 100100000, guid: 78457a46a6461ea6faf591a9e1e3300f, type: 3}
--- !u!1001 &472784878
PrefabInstance:
  m_ObjectHideFlags: 0
  serializedVersion: 2
  m_Modification:
    m_TransformParent: {fileID: 1137264437}
    m_Modifications:
    - target: {fileID: 3139860540660163568, guid: 1c125d38b52907b8a913b7fc03200332, type: 3}
      propertyPath: m_RootOrder
      value: 5
      objectReference: {fileID: 0}
    - target: {fileID: 3139860540660163568, guid: 1c125d38b52907b8a913b7fc03200332, type: 3}
      propertyPath: m_LocalPosition.x
      value: -1.97
      objectReference: {fileID: 0}
    - target: {fileID: 3139860540660163568, guid: 1c125d38b52907b8a913b7fc03200332, type: 3}
      propertyPath: m_LocalPosition.y
      value: 15.45
      objectReference: {fileID: 0}
    - target: {fileID: 3139860540660163568, guid: 1c125d38b52907b8a913b7fc03200332, type: 3}
      propertyPath: m_LocalPosition.z
      value: 19.01
      objectReference: {fileID: 0}
    - target: {fileID: 3139860540660163568, guid: 1c125d38b52907b8a913b7fc03200332, type: 3}
      propertyPath: m_LocalRotation.w
      value: 1
      objectReference: {fileID: 0}
    - target: {fileID: 3139860540660163568, guid: 1c125d38b52907b8a913b7fc03200332, type: 3}
      propertyPath: m_LocalRotation.x
      value: -0
      objectReference: {fileID: 0}
    - target: {fileID: 3139860540660163568, guid: 1c125d38b52907b8a913b7fc03200332, type: 3}
      propertyPath: m_LocalRotation.y
      value: -0
      objectReference: {fileID: 0}
    - target: {fileID: 3139860540660163568, guid: 1c125d38b52907b8a913b7fc03200332, type: 3}
      propertyPath: m_LocalRotation.z
      value: -0
      objectReference: {fileID: 0}
    - target: {fileID: 3139860540660163568, guid: 1c125d38b52907b8a913b7fc03200332, type: 3}
      propertyPath: m_LocalEulerAnglesHint.x
      value: 0
      objectReference: {fileID: 0}
    - target: {fileID: 3139860540660163568, guid: 1c125d38b52907b8a913b7fc03200332, type: 3}
      propertyPath: m_LocalEulerAnglesHint.y
      value: 0
      objectReference: {fileID: 0}
    - target: {fileID: 3139860540660163568, guid: 1c125d38b52907b8a913b7fc03200332, type: 3}
      propertyPath: m_LocalEulerAnglesHint.z
      value: 0
      objectReference: {fileID: 0}
    - target: {fileID: 3139860540660163575, guid: 1c125d38b52907b8a913b7fc03200332, type: 3}
      propertyPath: m_Name
      value: Ball (5)
      objectReference: {fileID: 0}
    m_RemovedComponents: []
  m_SourcePrefab: {fileID: 100100000, guid: 1c125d38b52907b8a913b7fc03200332, type: 3}
--- !u!4 &472784879 stripped
Transform:
  m_CorrespondingSourceObject: {fileID: 3139860540660163568, guid: 1c125d38b52907b8a913b7fc03200332, type: 3}
  m_PrefabInstance: {fileID: 472784878}
  m_PrefabAsset: {fileID: 0}
--- !u!4 &664222998 stripped
Transform:
  m_CorrespondingSourceObject: {fileID: 5488417914949905539, guid: 2e6856101b8d9c8a1b4a706b8e91dcd4, type: 3}
  m_PrefabInstance: {fileID: 710236063}
  m_PrefabAsset: {fileID: 0}
--- !u!1 &673112815
GameObject:
  m_ObjectHideFlags: 0
  m_CorrespondingSourceObject: {fileID: 0}
  m_PrefabInstance: {fileID: 0}
  m_PrefabAsset: {fileID: 0}
  serializedVersion: 6
  m_Component:
  - component: {fileID: 673112816}
  m_Layer: 0
  m_Name: Camera
  m_TagString: Untagged
  m_Icon: {fileID: 0}
  m_NavMeshLayer: 0
  m_StaticEditorFlags: 0
  m_IsActive: 1
--- !u!4 &673112816
Transform:
  m_ObjectHideFlags: 0
  m_CorrespondingSourceObject: {fileID: 0}
  m_PrefabInstance: {fileID: 0}
  m_PrefabAsset: {fileID: 0}
  m_GameObject: {fileID: 673112815}
  m_LocalRotation: {x: 0, y: 0, z: 0, w: 1}
  m_LocalPosition: {x: 0, y: 0, z: 0}
  m_LocalScale: {x: 1, y: 1, z: 1}
  m_ConstrainProportionsScale: 0
  m_Children:
  - {fileID: 963194228}
  - {fileID: 705507995}
  - {fileID: 1506091736}
  m_Father: {fileID: 0}
  m_RootOrder: 1
  m_LocalEulerAnglesHint: {x: 0, y: 0, z: 0}
--- !u!1 &705507993
GameObject:
  m_ObjectHideFlags: 0
  m_CorrespondingSourceObject: {fileID: 0}
  m_PrefabInstance: {fileID: 0}
  m_PrefabAsset: {fileID: 0}
  serializedVersion: 6
  m_Component:
  - component: {fileID: 705507995}
  - component: {fileID: 705507994}
  m_Layer: 0
  m_Name: Directional Light
  m_TagString: Untagged
  m_Icon: {fileID: 0}
  m_NavMeshLayer: 0
  m_StaticEditorFlags: 0
  m_IsActive: 1
--- !u!108 &705507994
Light:
  m_ObjectHideFlags: 0
  m_CorrespondingSourceObject: {fileID: 0}
  m_PrefabInstance: {fileID: 0}
  m_PrefabAsset: {fileID: 0}
  m_GameObject: {fileID: 705507993}
  m_Enabled: 1
  serializedVersion: 10
  m_Type: 1
  m_Shape: 0
  m_Color: {r: 1, g: 0.95686275, b: 0.8392157, a: 1}
  m_Intensity: 1
  m_Range: 10
  m_SpotAngle: 30
  m_InnerSpotAngle: 21.80208
  m_CookieSize: 10
  m_Shadows:
    m_Type: 2
    m_Resolution: -1
    m_CustomResolution: -1
    m_Strength: 1
    m_Bias: 0.05
    m_NormalBias: 0.4
    m_NearPlane: 0.2
    m_CullingMatrixOverride:
      e00: 1
      e01: 0
      e02: 0
      e03: 0
      e10: 0
      e11: 1
      e12: 0
      e13: 0
      e20: 0
      e21: 0
      e22: 1
      e23: 0
      e30: 0
      e31: 0
      e32: 0
      e33: 1
    m_UseCullingMatrixOverride: 0
  m_Cookie: {fileID: 0}
  m_DrawHalo: 0
  m_Flare: {fileID: 0}
  m_RenderMode: 0
  m_CullingMask:
    serializedVersion: 2
    m_Bits: 4294967295
  m_RenderingLayerMask: 1
  m_Lightmapping: 1
  m_LightShadowCasterMode: 0
  m_AreaSize: {x: 1, y: 1}
  m_BounceIntensity: 1
  m_ColorTemperature: 6570
  m_UseColorTemperature: 0
  m_BoundingSphereOverride: {x: 0, y: 0, z: 0, w: 0}
  m_UseBoundingSphereOverride: 0
  m_UseViewFrustumForShadowCasterCull: 1
  m_ShadowRadius: 0
  m_ShadowAngle: 0
--- !u!4 &705507995
Transform:
  m_ObjectHideFlags: 0
  m_CorrespondingSourceObject: {fileID: 0}
  m_PrefabInstance: {fileID: 0}
  m_PrefabAsset: {fileID: 0}
  m_GameObject: {fileID: 705507993}
  m_LocalRotation: {x: 0.40821788, y: -0.23456968, z: 0.10938163, w: 0.8754261}
  m_LocalPosition: {x: 0, y: 3, z: 0}
  m_LocalScale: {x: 1, y: 1, z: 1}
  m_ConstrainProportionsScale: 0
  m_Children: []
  m_Father: {fileID: 673112816}
  m_RootOrder: 1
  m_LocalEulerAnglesHint: {x: 50, y: -30, z: 0}
--- !u!1001 &710236063
PrefabInstance:
  m_ObjectHideFlags: 0
  serializedVersion: 2
  m_Modification:
    m_TransformParent: {fileID: 1357443253}
    m_Modifications:
    - target: {fileID: 3855868761091861311, guid: 2e6856101b8d9c8a1b4a706b8e91dcd4, type: 3}
      propertyPath: m_Name
      value: Wall 5
      objectReference: {fileID: 0}
    - target: {fileID: 5488417914949905539, guid: 2e6856101b8d9c8a1b4a706b8e91dcd4, type: 3}
      propertyPath: m_RootOrder
      value: 4
      objectReference: {fileID: 0}
    - target: {fileID: 5488417914949905539, guid: 2e6856101b8d9c8a1b4a706b8e91dcd4, type: 3}
      propertyPath: m_LocalScale.x
      value: 4.03
      objectReference: {fileID: 0}
    - target: {fileID: 5488417914949905539, guid: 2e6856101b8d9c8a1b4a706b8e91dcd4, type: 3}
      propertyPath: m_LocalScale.y
      value: 0.5
      objectReference: {fileID: 0}
    - target: {fileID: 5488417914949905539, guid: 2e6856101b8d9c8a1b4a706b8e91dcd4, type: 3}
      propertyPath: m_LocalScale.z
      value: 0.49999994
      objectReference: {fileID: 0}
    - target: {fileID: 5488417914949905539, guid: 2e6856101b8d9c8a1b4a706b8e91dcd4, type: 3}
      propertyPath: m_LocalPosition.x
      value: 6.76
      objectReference: {fileID: 0}
    - target: {fileID: 5488417914949905539, guid: 2e6856101b8d9c8a1b4a706b8e91dcd4, type: 3}
      propertyPath: m_LocalPosition.y
      value: 0.25
      objectReference: {fileID: 0}
    - target: {fileID: 5488417914949905539, guid: 2e6856101b8d9c8a1b4a706b8e91dcd4, type: 3}
      propertyPath: m_LocalPosition.z
      value: 6.3
      objectReference: {fileID: 0}
    - target: {fileID: 5488417914949905539, guid: 2e6856101b8d9c8a1b4a706b8e91dcd4, type: 3}
      propertyPath: m_LocalRotation.w
      value: -0.4446351
      objectReference: {fileID: 0}
    - target: {fileID: 5488417914949905539, guid: 2e6856101b8d9c8a1b4a706b8e91dcd4, type: 3}
      propertyPath: m_LocalRotation.x
      value: -0
      objectReference: {fileID: 0}
    - target: {fileID: 5488417914949905539, guid: 2e6856101b8d9c8a1b4a706b8e91dcd4, type: 3}
      propertyPath: m_LocalRotation.y
      value: 0.8957118
      objectReference: {fileID: 0}
    - target: {fileID: 5488417914949905539, guid: 2e6856101b8d9c8a1b4a706b8e91dcd4, type: 3}
      propertyPath: m_LocalRotation.z
      value: -0
      objectReference: {fileID: 0}
    - target: {fileID: 5488417914949905539, guid: 2e6856101b8d9c8a1b4a706b8e91dcd4, type: 3}
      propertyPath: m_LocalEulerAnglesHint.x
      value: 0
      objectReference: {fileID: 0}
    - target: {fileID: 5488417914949905539, guid: 2e6856101b8d9c8a1b4a706b8e91dcd4, type: 3}
      propertyPath: m_LocalEulerAnglesHint.y
      value: 232.8
      objectReference: {fileID: 0}
    - target: {fileID: 5488417914949905539, guid: 2e6856101b8d9c8a1b4a706b8e91dcd4, type: 3}
      propertyPath: m_LocalEulerAnglesHint.z
      value: 0
      objectReference: {fileID: 0}
    m_RemovedComponents: []
  m_SourcePrefab: {fileID: 100100000, guid: 2e6856101b8d9c8a1b4a706b8e91dcd4, type: 3}
--- !u!4 &737688720 stripped
Transform:
  m_CorrespondingSourceObject: {fileID: 5488417914949905539, guid: 2e6856101b8d9c8a1b4a706b8e91dcd4, type: 3}
  m_PrefabInstance: {fileID: 157591202}
  m_PrefabAsset: {fileID: 0}
--- !u!1001 &834613681
PrefabInstance:
  m_ObjectHideFlags: 0
  serializedVersion: 2
  m_Modification:
    m_TransformParent: {fileID: 1357443253}
    m_Modifications:
    - target: {fileID: 3855868761091861311, guid: 2e6856101b8d9c8a1b4a706b8e91dcd4, type: 3}
      propertyPath: m_Name
      value: Wall 2
      objectReference: {fileID: 0}
    - target: {fileID: 5488417914949905539, guid: 2e6856101b8d9c8a1b4a706b8e91dcd4, type: 3}
      propertyPath: m_RootOrder
      value: 1
      objectReference: {fileID: 0}
    - target: {fileID: 5488417914949905539, guid: 2e6856101b8d9c8a1b4a706b8e91dcd4, type: 3}
      propertyPath: m_LocalScale.x
      value: 4.0300007
      objectReference: {fileID: 0}
    - target: {fileID: 5488417914949905539, guid: 2e6856101b8d9c8a1b4a706b8e91dcd4, type: 3}
      propertyPath: m_LocalScale.y
      value: 0.5
      objectReference: {fileID: 0}
    - target: {fileID: 5488417914949905539, guid: 2e6856101b8d9c8a1b4a706b8e91dcd4, type: 3}
      propertyPath: m_LocalScale.z
      value: 0.5
      objectReference: {fileID: 0}
    - target: {fileID: 5488417914949905539, guid: 2e6856101b8d9c8a1b4a706b8e91dcd4, type: 3}
      propertyPath: m_LocalPosition.x
      value: -6.06
      objectReference: {fileID: 0}
    - target: {fileID: 5488417914949905539, guid: 2e6856101b8d9c8a1b4a706b8e91dcd4, type: 3}
      propertyPath: m_LocalPosition.y
      value: 0.25
      objectReference: {fileID: 0}
    - target: {fileID: 5488417914949905539, guid: 2e6856101b8d9c8a1b4a706b8e91dcd4, type: 3}
      propertyPath: m_LocalPosition.z
      value: 0.55
      objectReference: {fileID: 0}
    - target: {fileID: 5488417914949905539, guid: 2e6856101b8d9c8a1b4a706b8e91dcd4, type: 3}
      propertyPath: m_LocalRotation.w
      value: 0.96198004
      objectReference: {fileID: 0}
    - target: {fileID: 5488417914949905539, guid: 2e6856101b8d9c8a1b4a706b8e91dcd4, type: 3}
      propertyPath: m_LocalRotation.x
      value: -0
      objectReference: {fileID: 0}
    - target: {fileID: 5488417914949905539, guid: 2e6856101b8d9c8a1b4a706b8e91dcd4, type: 3}
      propertyPath: m_LocalRotation.y
      value: 0.27311984
      objectReference: {fileID: 0}
    - target: {fileID: 5488417914949905539, guid: 2e6856101b8d9c8a1b4a706b8e91dcd4, type: 3}
      propertyPath: m_LocalRotation.z
      value: -0
      objectReference: {fileID: 0}
    - target: {fileID: 5488417914949905539, guid: 2e6856101b8d9c8a1b4a706b8e91dcd4, type: 3}
      propertyPath: m_LocalEulerAnglesHint.x
      value: 0
      objectReference: {fileID: 0}
    - target: {fileID: 5488417914949905539, guid: 2e6856101b8d9c8a1b4a706b8e91dcd4, type: 3}
      propertyPath: m_LocalEulerAnglesHint.y
      value: 31.7
      objectReference: {fileID: 0}
    - target: {fileID: 5488417914949905539, guid: 2e6856101b8d9c8a1b4a706b8e91dcd4, type: 3}
      propertyPath: m_LocalEulerAnglesHint.z
      value: 0
      objectReference: {fileID: 0}
    m_RemovedComponents: []
  m_SourcePrefab: {fileID: 100100000, guid: 2e6856101b8d9c8a1b4a706b8e91dcd4, type: 3}
--- !u!1001 &836137398
PrefabInstance:
  m_ObjectHideFlags: 0
  serializedVersion: 2
  m_Modification:
    m_TransformParent: {fileID: 1357443253}
    m_Modifications:
    - target: {fileID: 3855868761091861311, guid: 2e6856101b8d9c8a1b4a706b8e91dcd4, type: 3}
      propertyPath: m_Name
      value: Wall 1
      objectReference: {fileID: 0}
    - target: {fileID: 5488417914949905539, guid: 2e6856101b8d9c8a1b4a706b8e91dcd4, type: 3}
      propertyPath: m_RootOrder
      value: 0
      objectReference: {fileID: 0}
    - target: {fileID: 5488417914949905539, guid: 2e6856101b8d9c8a1b4a706b8e91dcd4, type: 3}
      propertyPath: m_LocalScale.x
      value: 4.0300007
      objectReference: {fileID: 0}
    - target: {fileID: 5488417914949905539, guid: 2e6856101b8d9c8a1b4a706b8e91dcd4, type: 3}
      propertyPath: m_LocalScale.y
      value: 0.5
      objectReference: {fileID: 0}
    - target: {fileID: 5488417914949905539, guid: 2e6856101b8d9c8a1b4a706b8e91dcd4, type: 3}
      propertyPath: m_LocalScale.z
      value: 0.5
      objectReference: {fileID: 0}
    - target: {fileID: 5488417914949905539, guid: 2e6856101b8d9c8a1b4a706b8e91dcd4, type: 3}
      propertyPath: m_LocalPosition.x
      value: -0.6199999
      objectReference: {fileID: 0}
    - target: {fileID: 5488417914949905539, guid: 2e6856101b8d9c8a1b4a706b8e91dcd4, type: 3}
      propertyPath: m_LocalPosition.y
      value: 0.25
      objectReference: {fileID: 0}
    - target: {fileID: 5488417914949905539, guid: 2e6856101b8d9c8a1b4a706b8e91dcd4, type: 3}
      propertyPath: m_LocalPosition.z
      value: 0.53
      objectReference: {fileID: 0}
    - target: {fileID: 5488417914949905539, guid: 2e6856101b8d9c8a1b4a706b8e91dcd4, type: 3}
      propertyPath: m_LocalRotation.w
      value: 0.96198004
      objectReference: {fileID: 0}
    - target: {fileID: 5488417914949905539, guid: 2e6856101b8d9c8a1b4a706b8e91dcd4, type: 3}
      propertyPath: m_LocalRotation.x
      value: -0
      objectReference: {fileID: 0}
    - target: {fileID: 5488417914949905539, guid: 2e6856101b8d9c8a1b4a706b8e91dcd4, type: 3}
      propertyPath: m_LocalRotation.y
      value: 0.27311984
      objectReference: {fileID: 0}
    - target: {fileID: 5488417914949905539, guid: 2e6856101b8d9c8a1b4a706b8e91dcd4, type: 3}
      propertyPath: m_LocalRotation.z
      value: -0
      objectReference: {fileID: 0}
    - target: {fileID: 5488417914949905539, guid: 2e6856101b8d9c8a1b4a706b8e91dcd4, type: 3}
      propertyPath: m_LocalEulerAnglesHint.x
      value: 0
      objectReference: {fileID: 0}
    - target: {fileID: 5488417914949905539, guid: 2e6856101b8d9c8a1b4a706b8e91dcd4, type: 3}
      propertyPath: m_LocalEulerAnglesHint.y
      value: 31.7
      objectReference: {fileID: 0}
    - target: {fileID: 5488417914949905539, guid: 2e6856101b8d9c8a1b4a706b8e91dcd4, type: 3}
      propertyPath: m_LocalEulerAnglesHint.z
      value: 0
      objectReference: {fileID: 0}
    m_RemovedComponents: []
  m_SourcePrefab: {fileID: 100100000, guid: 2e6856101b8d9c8a1b4a706b8e91dcd4, type: 3}
--- !u!1001 &930443667
PrefabInstance:
  m_ObjectHideFlags: 0
  serializedVersion: 2
  m_Modification:
    m_TransformParent: {fileID: 1137264437}
    m_Modifications:
    - target: {fileID: 3139860540660163568, guid: 1c125d38b52907b8a913b7fc03200332, type: 3}
      propertyPath: m_RootOrder
      value: 2
      objectReference: {fileID: 0}
    - target: {fileID: 3139860540660163568, guid: 1c125d38b52907b8a913b7fc03200332, type: 3}
      propertyPath: m_LocalPosition.x
      value: 25.288
      objectReference: {fileID: 0}
    - target: {fileID: 3139860540660163568, guid: 1c125d38b52907b8a913b7fc03200332, type: 3}
      propertyPath: m_LocalPosition.y
      value: 15.45
      objectReference: {fileID: 0}
    - target: {fileID: 3139860540660163568, guid: 1c125d38b52907b8a913b7fc03200332, type: 3}
      propertyPath: m_LocalPosition.z
      value: -2.103
      objectReference: {fileID: 0}
    - target: {fileID: 3139860540660163568, guid: 1c125d38b52907b8a913b7fc03200332, type: 3}
      propertyPath: m_LocalRotation.w
      value: 1
      objectReference: {fileID: 0}
    - target: {fileID: 3139860540660163568, guid: 1c125d38b52907b8a913b7fc03200332, type: 3}
      propertyPath: m_LocalRotation.x
      value: -0
      objectReference: {fileID: 0}
    - target: {fileID: 3139860540660163568, guid: 1c125d38b52907b8a913b7fc03200332, type: 3}
      propertyPath: m_LocalRotation.y
      value: -0
      objectReference: {fileID: 0}
    - target: {fileID: 3139860540660163568, guid: 1c125d38b52907b8a913b7fc03200332, type: 3}
      propertyPath: m_LocalRotation.z
      value: -0
      objectReference: {fileID: 0}
    - target: {fileID: 3139860540660163568, guid: 1c125d38b52907b8a913b7fc03200332, type: 3}
      propertyPath: m_LocalEulerAnglesHint.x
      value: 0
      objectReference: {fileID: 0}
    - target: {fileID: 3139860540660163568, guid: 1c125d38b52907b8a913b7fc03200332, type: 3}
      propertyPath: m_LocalEulerAnglesHint.y
      value: 0
      objectReference: {fileID: 0}
    - target: {fileID: 3139860540660163568, guid: 1c125d38b52907b8a913b7fc03200332, type: 3}
      propertyPath: m_LocalEulerAnglesHint.z
      value: 0
      objectReference: {fileID: 0}
    - target: {fileID: 3139860540660163575, guid: 1c125d38b52907b8a913b7fc03200332, type: 3}
      propertyPath: m_Name
      value: Ball (2)
      objectReference: {fileID: 0}
    m_RemovedComponents: []
  m_SourcePrefab: {fileID: 100100000, guid: 1c125d38b52907b8a913b7fc03200332, type: 3}
--- !u!4 &930443668 stripped
Transform:
  m_CorrespondingSourceObject: {fileID: 3139860540660163568, guid: 1c125d38b52907b8a913b7fc03200332, type: 3}
  m_PrefabInstance: {fileID: 930443667}
  m_PrefabAsset: {fileID: 0}
--- !u!1 &963194225
GameObject:
  m_ObjectHideFlags: 0
  m_CorrespondingSourceObject: {fileID: 0}
  m_PrefabInstance: {fileID: 0}
  m_PrefabAsset: {fileID: 0}
  serializedVersion: 6
  m_Component:
  - component: {fileID: 963194228}
  - component: {fileID: 963194227}
  - component: {fileID: 963194226}
  - component: {fileID: 963194229}
  m_Layer: 0
  m_Name: Main Camera
  m_TagString: MainCamera
  m_Icon: {fileID: 0}
  m_NavMeshLayer: 0
  m_StaticEditorFlags: 0
  m_IsActive: 1
--- !u!81 &963194226
AudioListener:
  m_ObjectHideFlags: 0
  m_CorrespondingSourceObject: {fileID: 0}
  m_PrefabInstance: {fileID: 0}
  m_PrefabAsset: {fileID: 0}
  m_GameObject: {fileID: 963194225}
  m_Enabled: 1
--- !u!20 &963194227
Camera:
  m_ObjectHideFlags: 0
  m_CorrespondingSourceObject: {fileID: 0}
  m_PrefabInstance: {fileID: 0}
  m_PrefabAsset: {fileID: 0}
  m_GameObject: {fileID: 963194225}
  m_Enabled: 1
  serializedVersion: 2
  m_ClearFlags: 1
  m_BackGroundColor: {r: 0.19215687, g: 0.3019608, b: 0.4745098, a: 0}
  m_projectionMatrixMode: 1
  m_GateFitMode: 2
  m_FOVAxisMode: 0
  m_SensorSize: {x: 36, y: 24}
  m_LensShift: {x: 0, y: 0}
  m_FocalLength: 50
  m_NormalizedViewPortRect:
    serializedVersion: 2
    x: 0
    y: 0
    width: 1
    height: 1
  near clip plane: 0.3
  far clip plane: 1000
  field of view: 60
  orthographic: 0
  orthographic size: 5
  m_Depth: -1
  m_CullingMask:
    serializedVersion: 2
    m_Bits: 4294967295
  m_RenderingPath: -1
  m_TargetTexture: {fileID: 0}
  m_TargetDisplay: 0
  m_TargetEye: 3
  m_HDR: 1
  m_AllowMSAA: 1
  m_AllowDynamicResolution: 0
  m_ForceIntoRT: 0
  m_OcclusionCulling: 1
  m_StereoConvergence: 10
  m_StereoSeparation: 0.022
--- !u!4 &963194228
Transform:
  m_ObjectHideFlags: 0
  m_CorrespondingSourceObject: {fileID: 0}
  m_PrefabInstance: {fileID: 0}
  m_PrefabAsset: {fileID: 0}
  m_GameObject: {fileID: 963194225}
  m_LocalRotation: {x: 0.26210496, y: -0, z: -0, w: 0.9650394}
  m_LocalPosition: {x: -7.92, y: 5.308832, z: -16.536018}
  m_LocalScale: {x: 1, y: 1, z: 1}
  m_ConstrainProportionsScale: 0
  m_Children: []
  m_Father: {fileID: 673112816}
  m_RootOrder: 0
  m_LocalEulerAnglesHint: {x: 0, y: 0, z: 0}
--- !u!114 &963194229
MonoBehaviour:
  m_ObjectHideFlags: 0
  m_CorrespondingSourceObject: {fileID: 0}
  m_PrefabInstance: {fileID: 0}
  m_PrefabAsset: {fileID: 0}
  m_GameObject: {fileID: 963194225}
  m_Enabled: 1
  m_EditorHideFlags: 0
  m_Script: {fileID: 11500000, guid: 72ece51f2901e7445ab60da3685d6b5f, type: 3}
  m_Name: 
  m_EditorClassIdentifier: 
  m_ShowDebugText: 0
  m_ShowCameraFrustum: 1
  m_IgnoreTimeScale: 0
  m_WorldUpOverride: {fileID: 0}
  m_UpdateMethod: 2
  m_BlendUpdateMethod: 1
  m_DefaultBlend:
    m_Style: 1
    m_Time: 2
    m_CustomCurve:
      serializedVersion: 2
      m_Curve: []
      m_PreInfinity: 2
      m_PostInfinity: 2
      m_RotationOrder: 4
  m_CustomBlends: {fileID: 0}
  m_CameraCutEvent:
    m_PersistentCalls:
      m_Calls: []
  m_CameraActivatedEvent:
    m_PersistentCalls:
      m_Calls: []
--- !u!4 &1034018784 stripped
Transform:
  m_CorrespondingSourceObject: {fileID: 5488417914949905539, guid: 2e6856101b8d9c8a1b4a706b8e91dcd4, type: 3}
  m_PrefabInstance: {fileID: 97874316}
  m_PrefabAsset: {fileID: 0}
--- !u!4 &1050881358 stripped
Transform:
  m_CorrespondingSourceObject: {fileID: 3139860540660163568, guid: 1c125d38b52907b8a913b7fc03200332, type: 3}
  m_PrefabInstance: {fileID: 3139860540301741758}
  m_PrefabAsset: {fileID: 0}
--- !u!4 &1081697936 stripped
Transform:
  m_CorrespondingSourceObject: {fileID: 1426526525353318293, guid: 9570835caf708fdef986a1b75dbf7dc4, type: 3}
  m_PrefabInstance: {fileID: 1426526526423314693}
  m_PrefabAsset: {fileID: 0}
--- !u!1 &1095742042
GameObject:
  m_ObjectHideFlags: 0
  m_CorrespondingSourceObject: {fileID: 0}
  m_PrefabInstance: {fileID: 0}
  m_PrefabAsset: {fileID: 0}
  serializedVersion: 6
  m_Component:
  - component: {fileID: 1095742043}
  m_Layer: 0
  m_Name: Spinners
  m_TagString: Untagged
  m_Icon: {fileID: 0}
  m_NavMeshLayer: 0
  m_StaticEditorFlags: 0
  m_IsActive: 1
--- !u!4 &1095742043
Transform:
  m_ObjectHideFlags: 0
  m_CorrespondingSourceObject: {fileID: 0}
  m_PrefabInstance: {fileID: 0}
  m_PrefabAsset: {fileID: 0}
  m_GameObject: {fileID: 1095742042}
  m_LocalRotation: {x: 0, y: 0, z: 0, w: 1}
  m_LocalPosition: {x: 0, y: 0, z: 0}
  m_LocalScale: {x: 1, y: 1, z: 1}
  m_ConstrainProportionsScale: 0
  m_Children:
  - {fileID: 1105622635}
  - {fileID: 2144810588}
  - {fileID: 1657833276}
  m_Father: {fileID: 0}
  m_RootOrder: 4
  m_LocalEulerAnglesHint: {x: 0, y: 0, z: 0}
--- !u!4 &1105622635 stripped
Transform:
  m_CorrespondingSourceObject: {fileID: 2598619694972572831, guid: 78457a46a6461ea6faf591a9e1e3300f, type: 3}
  m_PrefabInstance: {fileID: 1426334975}
  m_PrefabAsset: {fileID: 0}
--- !u!1001 &1113352505
PrefabInstance:
  m_ObjectHideFlags: 0
  serializedVersion: 2
  m_Modification:
    m_TransformParent: {fileID: 1137264437}
    m_Modifications:
    - target: {fileID: 3139860540660163568, guid: 1c125d38b52907b8a913b7fc03200332, type: 3}
      propertyPath: m_RootOrder
      value: 7
      objectReference: {fileID: 0}
    - target: {fileID: 3139860540660163568, guid: 1c125d38b52907b8a913b7fc03200332, type: 3}
      propertyPath: m_LocalPosition.x
      value: -19.84
      objectReference: {fileID: 0}
    - target: {fileID: 3139860540660163568, guid: 1c125d38b52907b8a913b7fc03200332, type: 3}
      propertyPath: m_LocalPosition.y
      value: 21.45
      objectReference: {fileID: 0}
    - target: {fileID: 3139860540660163568, guid: 1c125d38b52907b8a913b7fc03200332, type: 3}
      propertyPath: m_LocalPosition.z
      value: -3.3
      objectReference: {fileID: 0}
    - target: {fileID: 3139860540660163568, guid: 1c125d38b52907b8a913b7fc03200332, type: 3}
      propertyPath: m_LocalRotation.w
      value: 1
      objectReference: {fileID: 0}
    - target: {fileID: 3139860540660163568, guid: 1c125d38b52907b8a913b7fc03200332, type: 3}
      propertyPath: m_LocalRotation.x
      value: -0
      objectReference: {fileID: 0}
    - target: {fileID: 3139860540660163568, guid: 1c125d38b52907b8a913b7fc03200332, type: 3}
      propertyPath: m_LocalRotation.y
      value: -0
      objectReference: {fileID: 0}
    - target: {fileID: 3139860540660163568, guid: 1c125d38b52907b8a913b7fc03200332, type: 3}
      propertyPath: m_LocalRotation.z
      value: -0
      objectReference: {fileID: 0}
    - target: {fileID: 3139860540660163568, guid: 1c125d38b52907b8a913b7fc03200332, type: 3}
      propertyPath: m_LocalEulerAnglesHint.x
      value: 0
      objectReference: {fileID: 0}
    - target: {fileID: 3139860540660163568, guid: 1c125d38b52907b8a913b7fc03200332, type: 3}
      propertyPath: m_LocalEulerAnglesHint.y
      value: 0
      objectReference: {fileID: 0}
    - target: {fileID: 3139860540660163568, guid: 1c125d38b52907b8a913b7fc03200332, type: 3}
      propertyPath: m_LocalEulerAnglesHint.z
      value: 0
      objectReference: {fileID: 0}
    - target: {fileID: 3139860540660163575, guid: 1c125d38b52907b8a913b7fc03200332, type: 3}
      propertyPath: m_Name
      value: Ball (7)
      objectReference: {fileID: 0}
    m_RemovedComponents: []
  m_SourcePrefab: {fileID: 100100000, guid: 1c125d38b52907b8a913b7fc03200332, type: 3}
--- !u!4 &1113352506 stripped
Transform:
  m_CorrespondingSourceObject: {fileID: 3139860540660163568, guid: 1c125d38b52907b8a913b7fc03200332, type: 3}
  m_PrefabInstance: {fileID: 1113352505}
  m_PrefabAsset: {fileID: 0}
--- !u!1 &1137264436
GameObject:
  m_ObjectHideFlags: 0
  m_CorrespondingSourceObject: {fileID: 0}
  m_PrefabInstance: {fileID: 0}
  m_PrefabAsset: {fileID: 0}
  serializedVersion: 6
  m_Component:
  - component: {fileID: 1137264437}
  m_Layer: 0
  m_Name: Balls
  m_TagString: Untagged
  m_Icon: {fileID: 0}
  m_NavMeshLayer: 0
  m_StaticEditorFlags: 0
  m_IsActive: 1
--- !u!4 &1137264437
Transform:
  m_ObjectHideFlags: 0
  m_CorrespondingSourceObject: {fileID: 0}
  m_PrefabInstance: {fileID: 0}
  m_PrefabAsset: {fileID: 0}
  m_GameObject: {fileID: 1137264436}
  m_LocalRotation: {x: 0, y: 0, z: 0, w: 1}
  m_LocalPosition: {x: 0, y: 0, z: 0}
  m_LocalScale: {x: 1, y: 1, z: 1}
  m_ConstrainProportionsScale: 0
  m_Children:
  - {fileID: 1050881358}
  - {fileID: 1539889661}
  - {fileID: 930443668}
  - {fileID: 1370296480}
  - {fileID: 1880734213}
  - {fileID: 472784879}
  - {fileID: 1335178605}
  - {fileID: 1113352506}
  - {fileID: 1941171475}
  - {fileID: 2071270332}
  m_Father: {fileID: 0}
  m_RootOrder: 6
  m_LocalEulerAnglesHint: {x: 0, y: 0, z: 0}
--- !u!4 &1232726820 stripped
Transform:
  m_CorrespondingSourceObject: {fileID: 5488417914949905539, guid: 2e6856101b8d9c8a1b4a706b8e91dcd4, type: 3}
  m_PrefabInstance: {fileID: 1310641735}
  m_PrefabAsset: {fileID: 0}
--- !u!4 &1258381939 stripped
Transform:
  m_CorrespondingSourceObject: {fileID: 5488417914949905539, guid: 2e6856101b8d9c8a1b4a706b8e91dcd4, type: 3}
  m_PrefabInstance: {fileID: 836137398}
  m_PrefabAsset: {fileID: 0}
--- !u!1 &1259542584
GameObject:
  m_ObjectHideFlags: 0
  m_CorrespondingSourceObject: {fileID: 0}
  m_PrefabInstance: {fileID: 0}
  m_PrefabAsset: {fileID: 0}
  serializedVersion: 6
  m_Component:
  - component: {fileID: 1259542588}
  - component: {fileID: 1259542587}
  - component: {fileID: 1259542586}
  - component: {fileID: 1259542585}
  m_Layer: 0
  m_Name: Plane
  m_TagString: Untagged
  m_Icon: {fileID: 0}
  m_NavMeshLayer: 0
  m_StaticEditorFlags: 0
  m_IsActive: 1
--- !u!64 &1259542585
MeshCollider:
  m_ObjectHideFlags: 0
  m_CorrespondingSourceObject: {fileID: 0}
  m_PrefabInstance: {fileID: 0}
  m_PrefabAsset: {fileID: 0}
  m_GameObject: {fileID: 1259542584}
  m_Material: {fileID: 0}
  m_IsTrigger: 0
  m_Enabled: 1
  serializedVersion: 4
  m_Convex: 0
  m_CookingOptions: 30
  m_Mesh: {fileID: 10209, guid: 0000000000000000e000000000000000, type: 0}
--- !u!23 &1259542586
MeshRenderer:
  m_ObjectHideFlags: 0
  m_CorrespondingSourceObject: {fileID: 0}
  m_PrefabInstance: {fileID: 0}
  m_PrefabAsset: {fileID: 0}
  m_GameObject: {fileID: 1259542584}
  m_Enabled: 1
  m_CastShadows: 1
  m_ReceiveShadows: 1
  m_DynamicOccludee: 1
  m_StaticShadowCaster: 0
  m_MotionVectors: 1
  m_LightProbeUsage: 1
  m_ReflectionProbeUsage: 1
  m_RayTracingMode: 2
  m_RayTraceProcedural: 0
  m_RenderingLayerMask: 1
  m_RendererPriority: 0
  m_Materials:
  - {fileID: 2100000, guid: 18fe89d63f6d28fe99fe5837ea567853, type: 2}
  m_StaticBatchInfo:
    firstSubMesh: 0
    subMeshCount: 0
  m_StaticBatchRoot: {fileID: 0}
  m_ProbeAnchor: {fileID: 0}
  m_LightProbeVolumeOverride: {fileID: 0}
  m_ScaleInLightmap: 1
  m_ReceiveGI: 1
  m_PreserveUVs: 0
  m_IgnoreNormalsForChartDetection: 0
  m_ImportantGI: 0
  m_StitchLightmapSeams: 1
  m_SelectedEditorRenderState: 3
  m_MinimumChartSize: 4
  m_AutoUVMaxDistance: 0.5
  m_AutoUVMaxAngle: 89
  m_LightmapParameters: {fileID: 0}
  m_SortingLayerID: 0
  m_SortingLayer: 0
  m_SortingOrder: 0
  m_AdditionalVertexStreams: {fileID: 0}
--- !u!33 &1259542587
MeshFilter:
  m_ObjectHideFlags: 0
  m_CorrespondingSourceObject: {fileID: 0}
  m_PrefabInstance: {fileID: 0}
  m_PrefabAsset: {fileID: 0}
  m_GameObject: {fileID: 1259542584}
  m_Mesh: {fileID: 10209, guid: 0000000000000000e000000000000000, type: 0}
--- !u!4 &1259542588
Transform:
  m_ObjectHideFlags: 0
  m_CorrespondingSourceObject: {fileID: 0}
  m_PrefabInstance: {fileID: 0}
  m_PrefabAsset: {fileID: 0}
  m_GameObject: {fileID: 1259542584}
  m_LocalRotation: {x: -0, y: -0, z: -0, w: 1}
  m_LocalPosition: {x: 0, y: 0, z: 0}
  m_LocalScale: {x: 2, y: 2, z: 2}
  m_ConstrainProportionsScale: 0
  m_Children: []
  m_Father: {fileID: 166775372}
  m_RootOrder: 4
  m_LocalEulerAnglesHint: {x: 0, y: 0, z: 0}
--- !u!1001 &1310641735
PrefabInstance:
  m_ObjectHideFlags: 0
  serializedVersion: 2
  m_Modification:
    m_TransformParent: {fileID: 1357443253}
    m_Modifications:
    - target: {fileID: 3855868761091861311, guid: 2e6856101b8d9c8a1b4a706b8e91dcd4, type: 3}
      propertyPath: m_Name
      value: Wall 6
      objectReference: {fileID: 0}
    - target: {fileID: 5488417914949905539, guid: 2e6856101b8d9c8a1b4a706b8e91dcd4, type: 3}
      propertyPath: m_RootOrder
      value: 5
      objectReference: {fileID: 0}
    - target: {fileID: 5488417914949905539, guid: 2e6856101b8d9c8a1b4a706b8e91dcd4, type: 3}
      propertyPath: m_LocalScale.x
      value: 9.599999
      objectReference: {fileID: 0}
    - target: {fileID: 5488417914949905539, guid: 2e6856101b8d9c8a1b4a706b8e91dcd4, type: 3}
      propertyPath: m_LocalScale.y
      value: 0.5
      objectReference: {fileID: 0}
    - target: {fileID: 5488417914949905539, guid: 2e6856101b8d9c8a1b4a706b8e91dcd4, type: 3}
      propertyPath: m_LocalScale.z
      value: 0.5
      objectReference: {fileID: 0}
    - target: {fileID: 5488417914949905539, guid: 2e6856101b8d9c8a1b4a706b8e91dcd4, type: 3}
      propertyPath: m_LocalPosition.x
      value: -3.97
      objectReference: {fileID: 0}
    - target: {fileID: 5488417914949905539, guid: 2e6856101b8d9c8a1b4a706b8e91dcd4, type: 3}
      propertyPath: m_LocalPosition.y
      value: 0.25
      objectReference: {fileID: 0}
    - target: {fileID: 5488417914949905539, guid: 2e6856101b8d9c8a1b4a706b8e91dcd4, type: 3}
      propertyPath: m_LocalPosition.z
      value: -4.22
      objectReference: {fileID: 0}
    - target: {fileID: 5488417914949905539, guid: 2e6856101b8d9c8a1b4a706b8e91dcd4, type: 3}
      propertyPath: m_LocalRotation.w
      value: 0.9972889
      objectReference: {fileID: 0}
    - target: {fileID: 5488417914949905539, guid: 2e6856101b8d9c8a1b4a706b8e91dcd4, type: 3}
      propertyPath: m_LocalRotation.x
      value: -0
      objectReference: {fileID: 0}
    - target: {fileID: 5488417914949905539, guid: 2e6856101b8d9c8a1b4a706b8e91dcd4, type: 3}
      propertyPath: m_LocalRotation.y
      value: -0.07358623
      objectReference: {fileID: 0}
    - target: {fileID: 5488417914949905539, guid: 2e6856101b8d9c8a1b4a706b8e91dcd4, type: 3}
      propertyPath: m_LocalRotation.z
      value: -0
      objectReference: {fileID: 0}
    - target: {fileID: 5488417914949905539, guid: 2e6856101b8d9c8a1b4a706b8e91dcd4, type: 3}
      propertyPath: m_LocalEulerAnglesHint.x
      value: 0
      objectReference: {fileID: 0}
    - target: {fileID: 5488417914949905539, guid: 2e6856101b8d9c8a1b4a706b8e91dcd4, type: 3}
      propertyPath: m_LocalEulerAnglesHint.y
      value: -8.44
      objectReference: {fileID: 0}
    - target: {fileID: 5488417914949905539, guid: 2e6856101b8d9c8a1b4a706b8e91dcd4, type: 3}
      propertyPath: m_LocalEulerAnglesHint.z
      value: 0
      objectReference: {fileID: 0}
    m_RemovedComponents: []
  m_SourcePrefab: {fileID: 100100000, guid: 2e6856101b8d9c8a1b4a706b8e91dcd4, type: 3}
--- !u!1001 &1316287135
PrefabInstance:
  m_ObjectHideFlags: 0
  serializedVersion: 2
  m_Modification:
    m_TransformParent: {fileID: 1357443253}
    m_Modifications:
    - target: {fileID: 3855868761091861311, guid: 2e6856101b8d9c8a1b4a706b8e91dcd4, type: 3}
      propertyPath: m_Name
      value: Wall 3
      objectReference: {fileID: 0}
    - target: {fileID: 5488417914949905539, guid: 2e6856101b8d9c8a1b4a706b8e91dcd4, type: 3}
      propertyPath: m_RootOrder
      value: 2
      objectReference: {fileID: 0}
    - target: {fileID: 5488417914949905539, guid: 2e6856101b8d9c8a1b4a706b8e91dcd4, type: 3}
      propertyPath: m_LocalScale.x
      value: 4.03
      objectReference: {fileID: 0}
    - target: {fileID: 5488417914949905539, guid: 2e6856101b8d9c8a1b4a706b8e91dcd4, type: 3}
      propertyPath: m_LocalScale.y
      value: 0.5
      objectReference: {fileID: 0}
    - target: {fileID: 5488417914949905539, guid: 2e6856101b8d9c8a1b4a706b8e91dcd4, type: 3}
      propertyPath: m_LocalScale.z
      value: 0.5
      objectReference: {fileID: 0}
    - target: {fileID: 5488417914949905539, guid: 2e6856101b8d9c8a1b4a706b8e91dcd4, type: 3}
      propertyPath: m_LocalPosition.x
      value: -6.19
      objectReference: {fileID: 0}
    - target: {fileID: 5488417914949905539, guid: 2e6856101b8d9c8a1b4a706b8e91dcd4, type: 3}
      propertyPath: m_LocalPosition.y
      value: 0.25
      objectReference: {fileID: 0}
    - target: {fileID: 5488417914949905539, guid: 2e6856101b8d9c8a1b4a706b8e91dcd4, type: 3}
      propertyPath: m_LocalPosition.z
      value: 5.96
      objectReference: {fileID: 0}
    - target: {fileID: 5488417914949905539, guid: 2e6856101b8d9c8a1b4a706b8e91dcd4, type: 3}
      propertyPath: m_LocalRotation.w
      value: 0.3802635
      objectReference: {fileID: 0}
    - target: {fileID: 5488417914949905539, guid: 2e6856101b8d9c8a1b4a706b8e91dcd4, type: 3}
      propertyPath: m_LocalRotation.x
      value: -0
      objectReference: {fileID: 0}
    - target: {fileID: 5488417914949905539, guid: 2e6856101b8d9c8a1b4a706b8e91dcd4, type: 3}
      propertyPath: m_LocalRotation.y
      value: 0.9248782
      objectReference: {fileID: 0}
    - target: {fileID: 5488417914949905539, guid: 2e6856101b8d9c8a1b4a706b8e91dcd4, type: 3}
      propertyPath: m_LocalRotation.z
      value: -0
      objectReference: {fileID: 0}
    - target: {fileID: 5488417914949905539, guid: 2e6856101b8d9c8a1b4a706b8e91dcd4, type: 3}
      propertyPath: m_LocalEulerAnglesHint.x
      value: 0
      objectReference: {fileID: 0}
    - target: {fileID: 5488417914949905539, guid: 2e6856101b8d9c8a1b4a706b8e91dcd4, type: 3}
      propertyPath: m_LocalEulerAnglesHint.y
      value: 135.3
      objectReference: {fileID: 0}
    - target: {fileID: 5488417914949905539, guid: 2e6856101b8d9c8a1b4a706b8e91dcd4, type: 3}
      propertyPath: m_LocalEulerAnglesHint.z
      value: 0
      objectReference: {fileID: 0}
    m_RemovedComponents: []
  m_SourcePrefab: {fileID: 100100000, guid: 2e6856101b8d9c8a1b4a706b8e91dcd4, type: 3}
--- !u!1001 &1335178604
PrefabInstance:
  m_ObjectHideFlags: 0
  serializedVersion: 2
  m_Modification:
    m_TransformParent: {fileID: 1137264437}
    m_Modifications:
    - target: {fileID: 3139860540660163568, guid: 1c125d38b52907b8a913b7fc03200332, type: 3}
      propertyPath: m_RootOrder
      value: 6
      objectReference: {fileID: 0}
    - target: {fileID: 3139860540660163568, guid: 1c125d38b52907b8a913b7fc03200332, type: 3}
      propertyPath: m_LocalPosition.x
      value: -5.33
      objectReference: {fileID: 0}
    - target: {fileID: 3139860540660163568, guid: 1c125d38b52907b8a913b7fc03200332, type: 3}
      propertyPath: m_LocalPosition.y
      value: 15.27
      objectReference: {fileID: 0}
    - target: {fileID: 3139860540660163568, guid: 1c125d38b52907b8a913b7fc03200332, type: 3}
      propertyPath: m_LocalPosition.z
      value: 23.64
      objectReference: {fileID: 0}
    - target: {fileID: 3139860540660163568, guid: 1c125d38b52907b8a913b7fc03200332, type: 3}
      propertyPath: m_LocalRotation.w
      value: 1
      objectReference: {fileID: 0}
    - target: {fileID: 3139860540660163568, guid: 1c125d38b52907b8a913b7fc03200332, type: 3}
      propertyPath: m_LocalRotation.x
      value: -0
      objectReference: {fileID: 0}
    - target: {fileID: 3139860540660163568, guid: 1c125d38b52907b8a913b7fc03200332, type: 3}
      propertyPath: m_LocalRotation.y
      value: -0
      objectReference: {fileID: 0}
    - target: {fileID: 3139860540660163568, guid: 1c125d38b52907b8a913b7fc03200332, type: 3}
      propertyPath: m_LocalRotation.z
      value: -0
      objectReference: {fileID: 0}
    - target: {fileID: 3139860540660163568, guid: 1c125d38b52907b8a913b7fc03200332, type: 3}
      propertyPath: m_LocalEulerAnglesHint.x
      value: 0
      objectReference: {fileID: 0}
    - target: {fileID: 3139860540660163568, guid: 1c125d38b52907b8a913b7fc03200332, type: 3}
      propertyPath: m_LocalEulerAnglesHint.y
      value: 0
      objectReference: {fileID: 0}
    - target: {fileID: 3139860540660163568, guid: 1c125d38b52907b8a913b7fc03200332, type: 3}
      propertyPath: m_LocalEulerAnglesHint.z
      value: 0
      objectReference: {fileID: 0}
    - target: {fileID: 3139860540660163575, guid: 1c125d38b52907b8a913b7fc03200332, type: 3}
      propertyPath: m_Name
      value: Ball (6)
      objectReference: {fileID: 0}
    m_RemovedComponents: []
  m_SourcePrefab: {fileID: 100100000, guid: 1c125d38b52907b8a913b7fc03200332, type: 3}
--- !u!4 &1335178605 stripped
Transform:
  m_CorrespondingSourceObject: {fileID: 3139860540660163568, guid: 1c125d38b52907b8a913b7fc03200332, type: 3}
  m_PrefabInstance: {fileID: 1335178604}
  m_PrefabAsset: {fileID: 0}
--- !u!1 &1357443252
GameObject:
  m_ObjectHideFlags: 0
  m_CorrespondingSourceObject: {fileID: 0}
  m_PrefabInstance: {fileID: 0}
  m_PrefabAsset: {fileID: 0}
  serializedVersion: 6
  m_Component:
  - component: {fileID: 1357443253}
  m_Layer: 0
  m_Name: Walls
  m_TagString: Untagged
  m_Icon: {fileID: 0}
  m_NavMeshLayer: 0
  m_StaticEditorFlags: 0
  m_IsActive: 1
--- !u!4 &1357443253
Transform:
  m_ObjectHideFlags: 0
  m_CorrespondingSourceObject: {fileID: 0}
  m_PrefabInstance: {fileID: 0}
  m_PrefabAsset: {fileID: 0}
  m_GameObject: {fileID: 1357443252}
  m_LocalRotation: {x: 0, y: 0, z: 0, w: 1}
  m_LocalPosition: {x: 0, y: 0, z: 0}
  m_LocalScale: {x: 1, y: 1, z: 1}
  m_ConstrainProportionsScale: 0
  m_Children:
  - {fileID: 1258381939}
  - {fileID: 1432396395}
  - {fileID: 1832138102}
  - {fileID: 1869456112}
  - {fileID: 664222998}
  - {fileID: 1232726820}
  m_Father: {fileID: 0}
  m_RootOrder: 3
  m_LocalEulerAnglesHint: {x: 0, y: 0, z: 0}
--- !u!1001 &1370296479
PrefabInstance:
  m_ObjectHideFlags: 0
  serializedVersion: 2
  m_Modification:
    m_TransformParent: {fileID: 1137264437}
    m_Modifications:
    - target: {fileID: 3139860540660163568, guid: 1c125d38b52907b8a913b7fc03200332, type: 3}
      propertyPath: m_RootOrder
      value: 3
      objectReference: {fileID: 0}
    - target: {fileID: 3139860540660163568, guid: 1c125d38b52907b8a913b7fc03200332, type: 3}
      propertyPath: m_LocalPosition.x
      value: 18.18
      objectReference: {fileID: 0}
    - target: {fileID: 3139860540660163568, guid: 1c125d38b52907b8a913b7fc03200332, type: 3}
      propertyPath: m_LocalPosition.y
      value: 15.45
      objectReference: {fileID: 0}
    - target: {fileID: 3139860540660163568, guid: 1c125d38b52907b8a913b7fc03200332, type: 3}
      propertyPath: m_LocalPosition.z
      value: -4.88
      objectReference: {fileID: 0}
    - target: {fileID: 3139860540660163568, guid: 1c125d38b52907b8a913b7fc03200332, type: 3}
      propertyPath: m_LocalRotation.w
      value: 1
      objectReference: {fileID: 0}
    - target: {fileID: 3139860540660163568, guid: 1c125d38b52907b8a913b7fc03200332, type: 3}
      propertyPath: m_LocalRotation.x
      value: -0
      objectReference: {fileID: 0}
    - target: {fileID: 3139860540660163568, guid: 1c125d38b52907b8a913b7fc03200332, type: 3}
      propertyPath: m_LocalRotation.y
      value: -0
      objectReference: {fileID: 0}
    - target: {fileID: 3139860540660163568, guid: 1c125d38b52907b8a913b7fc03200332, type: 3}
      propertyPath: m_LocalRotation.z
      value: -0
      objectReference: {fileID: 0}
    - target: {fileID: 3139860540660163568, guid: 1c125d38b52907b8a913b7fc03200332, type: 3}
      propertyPath: m_LocalEulerAnglesHint.x
      value: 0
      objectReference: {fileID: 0}
    - target: {fileID: 3139860540660163568, guid: 1c125d38b52907b8a913b7fc03200332, type: 3}
      propertyPath: m_LocalEulerAnglesHint.y
      value: 0
      objectReference: {fileID: 0}
    - target: {fileID: 3139860540660163568, guid: 1c125d38b52907b8a913b7fc03200332, type: 3}
      propertyPath: m_LocalEulerAnglesHint.z
      value: 0
      objectReference: {fileID: 0}
    - target: {fileID: 3139860540660163575, guid: 1c125d38b52907b8a913b7fc03200332, type: 3}
      propertyPath: m_Name
      value: Ball (3)
      objectReference: {fileID: 0}
    m_RemovedComponents: []
  m_SourcePrefab: {fileID: 100100000, guid: 1c125d38b52907b8a913b7fc03200332, type: 3}
--- !u!4 &1370296480 stripped
Transform:
  m_CorrespondingSourceObject: {fileID: 3139860540660163568, guid: 1c125d38b52907b8a913b7fc03200332, type: 3}
  m_PrefabInstance: {fileID: 1370296479}
  m_PrefabAsset: {fileID: 0}
--- !u!4 &1425068398 stripped
Transform:
  m_CorrespondingSourceObject: {fileID: 5488417914949905539, guid: 2e6856101b8d9c8a1b4a706b8e91dcd4, type: 3}
  m_PrefabInstance: {fileID: 1735324609}
  m_PrefabAsset: {fileID: 0}
--- !u!1001 &1426334975
PrefabInstance:
  m_ObjectHideFlags: 0
  serializedVersion: 2
  m_Modification:
    m_TransformParent: {fileID: 1095742043}
    m_Modifications:
    - target: {fileID: 2598619694972572831, guid: 78457a46a6461ea6faf591a9e1e3300f, type: 3}
      propertyPath: m_RootOrder
      value: 0
      objectReference: {fileID: 0}
    - target: {fileID: 2598619694972572831, guid: 78457a46a6461ea6faf591a9e1e3300f, type: 3}
      propertyPath: m_LocalPosition.x
      value: 6.3149185
      objectReference: {fileID: 0}
    - target: {fileID: 2598619694972572831, guid: 78457a46a6461ea6faf591a9e1e3300f, type: 3}
      propertyPath: m_LocalPosition.y
      value: 0.3000005
      objectReference: {fileID: 0}
    - target: {fileID: 2598619694972572831, guid: 78457a46a6461ea6faf591a9e1e3300f, type: 3}
      propertyPath: m_LocalPosition.z
      value: -0.97397614
      objectReference: {fileID: 0}
    - target: {fileID: 2598619694972572831, guid: 78457a46a6461ea6faf591a9e1e3300f, type: 3}
      propertyPath: m_LocalRotation.w
      value: 1
      objectReference: {fileID: 0}
    - target: {fileID: 2598619694972572831, guid: 78457a46a6461ea6faf591a9e1e3300f, type: 3}
      propertyPath: m_LocalRotation.x
      value: -0
      objectReference: {fileID: 0}
    - target: {fileID: 2598619694972572831, guid: 78457a46a6461ea6faf591a9e1e3300f, type: 3}
      propertyPath: m_LocalRotation.y
      value: -0
      objectReference: {fileID: 0}
    - target: {fileID: 2598619694972572831, guid: 78457a46a6461ea6faf591a9e1e3300f, type: 3}
      propertyPath: m_LocalRotation.z
      value: -0
      objectReference: {fileID: 0}
    - target: {fileID: 2598619694972572831, guid: 78457a46a6461ea6faf591a9e1e3300f, type: 3}
      propertyPath: m_LocalEulerAnglesHint.x
      value: 0
      objectReference: {fileID: 0}
    - target: {fileID: 2598619694972572831, guid: 78457a46a6461ea6faf591a9e1e3300f, type: 3}
      propertyPath: m_LocalEulerAnglesHint.y
      value: 0
      objectReference: {fileID: 0}
    - target: {fileID: 2598619694972572831, guid: 78457a46a6461ea6faf591a9e1e3300f, type: 3}
      propertyPath: m_LocalEulerAnglesHint.z
      value: 0
      objectReference: {fileID: 0}
    - target: {fileID: 6753198143802823459, guid: 78457a46a6461ea6faf591a9e1e3300f, type: 3}
      propertyPath: m_Name
      value: Spinner 1
      objectReference: {fileID: 0}
    m_RemovedComponents: []
  m_SourcePrefab: {fileID: 100100000, guid: 78457a46a6461ea6faf591a9e1e3300f, type: 3}
--- !u!4 &1432396395 stripped
Transform:
  m_CorrespondingSourceObject: {fileID: 5488417914949905539, guid: 2e6856101b8d9c8a1b4a706b8e91dcd4, type: 3}
  m_PrefabInstance: {fileID: 834613681}
  m_PrefabAsset: {fileID: 0}
--- !u!1 &1506091734
GameObject:
  m_ObjectHideFlags: 0
  m_CorrespondingSourceObject: {fileID: 0}
  m_PrefabInstance: {fileID: 0}
  m_PrefabAsset: {fileID: 0}
  serializedVersion: 6
  m_Component:
  - component: {fileID: 1506091736}
  - component: {fileID: 1506091735}
  m_Layer: 0
  m_Name: VC Follow
  m_TagString: Untagged
  m_Icon: {fileID: 0}
  m_NavMeshLayer: 0
  m_StaticEditorFlags: 0
  m_IsActive: 1
--- !u!114 &1506091735
MonoBehaviour:
  m_ObjectHideFlags: 0
  m_CorrespondingSourceObject: {fileID: 0}
  m_PrefabInstance: {fileID: 0}
  m_PrefabAsset: {fileID: 0}
  m_GameObject: {fileID: 1506091734}
  m_Enabled: 1
  m_EditorHideFlags: 0
  m_Script: {fileID: 11500000, guid: 45e653bab7fb20e499bda25e1b646fea, type: 3}
  m_Name: 
  m_EditorClassIdentifier: 
  m_ExcludedPropertiesInInspector:
  - m_Script
  m_LockStageInInspector: 
  m_StreamingVersion: 20170927
  m_Priority: 10
  m_StandbyUpdate: 2
  m_LookAt: {fileID: 0}
  m_Follow: {fileID: 2134062076}
  m_Lens:
    FieldOfView: 60
    OrthographicSize: 5
    NearClipPlane: 0.3
    FarClipPlane: 1000
    Dutch: 0
    ModeOverride: 0
    LensShift: {x: 0, y: 0}
    GateFit: 2
    m_SensorSize: {x: 1.6046512, y: 1}
  m_Transitions:
    m_BlendHint: 0
    m_InheritPosition: 0
    m_OnCameraLive:
      m_PersistentCalls:
        m_Calls: []
  m_LegacyBlendHint: 0
  m_ComponentOwner: {fileID: 660626}
--- !u!4 &1506091736
Transform:
  m_ObjectHideFlags: 0
  m_CorrespondingSourceObject: {fileID: 0}
  m_PrefabInstance: {fileID: 0}
  m_PrefabAsset: {fileID: 0}
  m_GameObject: {fileID: 1506091734}
  m_LocalRotation: {x: 0.26210496, y: 0, z: 0, w: 0.9650394}
  m_LocalPosition: {x: -7.92, y: 5.308832, z: -16.536018}
  m_LocalScale: {x: 1, y: 1, z: 1}
  m_ConstrainProportionsScale: 0
  m_Children:
  - {fileID: 660626}
  m_Father: {fileID: 673112816}
  m_RootOrder: 2
  m_LocalEulerAnglesHint: {x: 30.39, y: 0, z: 0}
--- !u!1001 &1539889660
PrefabInstance:
  m_ObjectHideFlags: 0
  serializedVersion: 2
  m_Modification:
    m_TransformParent: {fileID: 1137264437}
    m_Modifications:
    - target: {fileID: 3139860540660163568, guid: 1c125d38b52907b8a913b7fc03200332, type: 3}
      propertyPath: m_RootOrder
      value: 1
      objectReference: {fileID: 0}
    - target: {fileID: 3139860540660163568, guid: 1c125d38b52907b8a913b7fc03200332, type: 3}
      propertyPath: m_LocalPosition.x
      value: 26.96
      objectReference: {fileID: 0}
    - target: {fileID: 3139860540660163568, guid: 1c125d38b52907b8a913b7fc03200332, type: 3}
      propertyPath: m_LocalPosition.y
      value: 15.45
      objectReference: {fileID: 0}
    - target: {fileID: 3139860540660163568, guid: 1c125d38b52907b8a913b7fc03200332, type: 3}
      propertyPath: m_LocalPosition.z
      value: 2.71
      objectReference: {fileID: 0}
    - target: {fileID: 3139860540660163568, guid: 1c125d38b52907b8a913b7fc03200332, type: 3}
      propertyPath: m_LocalRotation.w
      value: 1
      objectReference: {fileID: 0}
    - target: {fileID: 3139860540660163568, guid: 1c125d38b52907b8a913b7fc03200332, type: 3}
      propertyPath: m_LocalRotation.x
      value: -0
      objectReference: {fileID: 0}
    - target: {fileID: 3139860540660163568, guid: 1c125d38b52907b8a913b7fc03200332, type: 3}
      propertyPath: m_LocalRotation.y
      value: -0
      objectReference: {fileID: 0}
    - target: {fileID: 3139860540660163568, guid: 1c125d38b52907b8a913b7fc03200332, type: 3}
      propertyPath: m_LocalRotation.z
      value: -0
      objectReference: {fileID: 0}
    - target: {fileID: 3139860540660163568, guid: 1c125d38b52907b8a913b7fc03200332, type: 3}
      propertyPath: m_LocalEulerAnglesHint.x
      value: 0
      objectReference: {fileID: 0}
    - target: {fileID: 3139860540660163568, guid: 1c125d38b52907b8a913b7fc03200332, type: 3}
      propertyPath: m_LocalEulerAnglesHint.y
      value: 0
      objectReference: {fileID: 0}
    - target: {fileID: 3139860540660163568, guid: 1c125d38b52907b8a913b7fc03200332, type: 3}
      propertyPath: m_LocalEulerAnglesHint.z
      value: 0
      objectReference: {fileID: 0}
    - target: {fileID: 3139860540660163575, guid: 1c125d38b52907b8a913b7fc03200332, type: 3}
      propertyPath: m_Name
      value: Ball (1)
      objectReference: {fileID: 0}
    m_RemovedComponents: []
  m_SourcePrefab: {fileID: 100100000, guid: 1c125d38b52907b8a913b7fc03200332, type: 3}
--- !u!4 &1539889661 stripped
Transform:
  m_CorrespondingSourceObject: {fileID: 3139860540660163568, guid: 1c125d38b52907b8a913b7fc03200332, type: 3}
  m_PrefabInstance: {fileID: 1539889660}
  m_PrefabAsset: {fileID: 0}
--- !u!1 &1582522760
GameObject:
  m_ObjectHideFlags: 0
  m_CorrespondingSourceObject: {fileID: 0}
  m_PrefabInstance: {fileID: 0}
  m_PrefabAsset: {fileID: 0}
  serializedVersion: 6
  m_Component:
  - component: {fileID: 1582522761}
  m_Layer: 0
  m_Name: Slopes
  m_TagString: Untagged
  m_Icon: {fileID: 0}
  m_NavMeshLayer: 0
  m_StaticEditorFlags: 0
  m_IsActive: 1
--- !u!4 &1582522761
Transform:
  m_ObjectHideFlags: 0
  m_CorrespondingSourceObject: {fileID: 0}
  m_PrefabInstance: {fileID: 0}
  m_PrefabAsset: {fileID: 0}
  m_GameObject: {fileID: 1582522760}
  m_LocalRotation: {x: 0, y: 0, z: 0, w: 1}
  m_LocalPosition: {x: 0, y: 0, z: 0}
  m_LocalScale: {x: 1, y: 1, z: 1}
  m_ConstrainProportionsScale: 0
  m_Children:
  - {fileID: 1081697936}
  - {fileID: 1596738732}
  - {fileID: 1715245340}
  m_Father: {fileID: 0}
  m_RootOrder: 5
  m_LocalEulerAnglesHint: {x: 0, y: 0, z: 0}
--- !u!1001 &1596738731
PrefabInstance:
  m_ObjectHideFlags: 0
  serializedVersion: 2
  m_Modification:
    m_TransformParent: {fileID: 1582522761}
    m_Modifications:
    - target: {fileID: 1426526525353318286, guid: 9570835caf708fdef986a1b75dbf7dc4, type: 3}
      propertyPath: m_Name
      value: Slope (1)
      objectReference: {fileID: 0}
    - target: {fileID: 1426526525353318293, guid: 9570835caf708fdef986a1b75dbf7dc4, type: 3}
      propertyPath: m_RootOrder
      value: 1
      objectReference: {fileID: 0}
    - target: {fileID: 1426526525353318293, guid: 9570835caf708fdef986a1b75dbf7dc4, type: 3}
      propertyPath: m_LocalScale.x
      value: 20.000013
      objectReference: {fileID: 0}
    - target: {fileID: 1426526525353318293, guid: 9570835caf708fdef986a1b75dbf7dc4, type: 3}
      propertyPath: m_LocalScale.z
      value: 20.000013
      objectReference: {fileID: 0}
    - target: {fileID: 1426526525353318293, guid: 9570835caf708fdef986a1b75dbf7dc4, type: 3}
      propertyPath: m_LocalPosition.x
      value: -20.15
      objectReference: {fileID: 0}
    - target: {fileID: 1426526525353318293, guid: 9570835caf708fdef986a1b75dbf7dc4, type: 3}
      propertyPath: m_LocalPosition.y
      value: 8.05
      objectReference: {fileID: 0}
    - target: {fileID: 1426526525353318293, guid: 9570835caf708fdef986a1b75dbf7dc4, type: 3}
      propertyPath: m_LocalPosition.z
      value: 0
      objectReference: {fileID: 0}
    - target: {fileID: 1426526525353318293, guid: 9570835caf708fdef986a1b75dbf7dc4, type: 3}
      propertyPath: m_LocalRotation.w
      value: 0
      objectReference: {fileID: 0}
    - target: {fileID: 1426526525353318293, guid: 9570835caf708fdef986a1b75dbf7dc4, type: 3}
      propertyPath: m_LocalRotation.x
      value: 0.2840153
      objectReference: {fileID: 0}
    - target: {fileID: 1426526525353318293, guid: 9570835caf708fdef986a1b75dbf7dc4, type: 3}
      propertyPath: m_LocalRotation.y
      value: 0.95881975
      objectReference: {fileID: 0}
    - target: {fileID: 1426526525353318293, guid: 9570835caf708fdef986a1b75dbf7dc4, type: 3}
      propertyPath: m_LocalRotation.z
      value: 0
      objectReference: {fileID: 0}
    - target: {fileID: 1426526525353318293, guid: 9570835caf708fdef986a1b75dbf7dc4, type: 3}
      propertyPath: m_LocalEulerAnglesHint.x
      value: 0
      objectReference: {fileID: 0}
    - target: {fileID: 1426526525353318293, guid: 9570835caf708fdef986a1b75dbf7dc4, type: 3}
      propertyPath: m_LocalEulerAnglesHint.y
      value: 180
      objectReference: {fileID: 0}
    - target: {fileID: 1426526525353318293, guid: 9570835caf708fdef986a1b75dbf7dc4, type: 3}
      propertyPath: m_LocalEulerAnglesHint.z
      value: 33
      objectReference: {fileID: 0}
    m_RemovedComponents: []
  m_SourcePrefab: {fileID: 100100000, guid: 9570835caf708fdef986a1b75dbf7dc4, type: 3}
--- !u!4 &1596738732 stripped
Transform:
  m_CorrespondingSourceObject: {fileID: 1426526525353318293, guid: 9570835caf708fdef986a1b75dbf7dc4, type: 3}
  m_PrefabInstance: {fileID: 1596738731}
  m_PrefabAsset: {fileID: 0}
--- !u!4 &1657833276 stripped
Transform:
  m_CorrespondingSourceObject: {fileID: 2598619694972572831, guid: 78457a46a6461ea6faf591a9e1e3300f, type: 3}
  m_PrefabInstance: {fileID: 7510563662582730821}
  m_PrefabAsset: {fileID: 0}
--- !u!4 &1659703855 stripped
Transform:
  m_CorrespondingSourceObject: {fileID: 5488417914949905539, guid: 2e6856101b8d9c8a1b4a706b8e91dcd4, type: 3}
  m_PrefabInstance: {fileID: 2038344108}
  m_PrefabAsset: {fileID: 0}
--- !u!1001 &1715245339
PrefabInstance:
  m_ObjectHideFlags: 0
  serializedVersion: 2
  m_Modification:
    m_TransformParent: {fileID: 1582522761}
    m_Modifications:
    - target: {fileID: 1426526525353318286, guid: 9570835caf708fdef986a1b75dbf7dc4, type: 3}
      propertyPath: m_Name
      value: Slope (2)
      objectReference: {fileID: 0}
    - target: {fileID: 1426526525353318293, guid: 9570835caf708fdef986a1b75dbf7dc4, type: 3}
      propertyPath: m_RootOrder
      value: 2
      objectReference: {fileID: 0}
    - target: {fileID: 1426526525353318293, guid: 9570835caf708fdef986a1b75dbf7dc4, type: 3}
      propertyPath: m_LocalScale.x
      value: 20
      objectReference: {fileID: 0}
    - target: {fileID: 1426526525353318293, guid: 9570835caf708fdef986a1b75dbf7dc4, type: 3}
      propertyPath: m_LocalScale.z
      value: 20
      objectReference: {fileID: 0}
    - target: {fileID: 1426526525353318293, guid: 9570835caf708fdef986a1b75dbf7dc4, type: 3}
      propertyPath: m_LocalPosition.x
      value: 0
      objectReference: {fileID: 0}
    - target: {fileID: 1426526525353318293, guid: 9570835caf708fdef986a1b75dbf7dc4, type: 3}
      propertyPath: m_LocalPosition.y
      value: 7.74
      objectReference: {fileID: 0}
    - target: {fileID: 1426526525353318293, guid: 9570835caf708fdef986a1b75dbf7dc4, type: 3}
      propertyPath: m_LocalPosition.z
      value: 19.13
      objectReference: {fileID: 0}
    - target: {fileID: 1426526525353318293, guid: 9570835caf708fdef986a1b75dbf7dc4, type: 3}
      propertyPath: m_LocalRotation.w
      value: 0.677988
      objectReference: {fileID: 0}
    - target: {fileID: 1426526525353318293, guid: 9570835caf708fdef986a1b75dbf7dc4, type: 3}
      propertyPath: m_LocalRotation.x
      value: -0.20082916
      objectReference: {fileID: 0}
    - target: {fileID: 1426526525353318293, guid: 9570835caf708fdef986a1b75dbf7dc4, type: 3}
      propertyPath: m_LocalRotation.y
      value: -0.677988
      objectReference: {fileID: 0}
    - target: {fileID: 1426526525353318293, guid: 9570835caf708fdef986a1b75dbf7dc4, type: 3}
      propertyPath: m_LocalRotation.z
      value: 0.20082916
      objectReference: {fileID: 0}
    - target: {fileID: 1426526525353318293, guid: 9570835caf708fdef986a1b75dbf7dc4, type: 3}
      propertyPath: m_LocalEulerAnglesHint.x
      value: 0
      objectReference: {fileID: 0}
    - target: {fileID: 1426526525353318293, guid: 9570835caf708fdef986a1b75dbf7dc4, type: 3}
      propertyPath: m_LocalEulerAnglesHint.y
      value: -90
      objectReference: {fileID: 0}
    - target: {fileID: 1426526525353318293, guid: 9570835caf708fdef986a1b75dbf7dc4, type: 3}
      propertyPath: m_LocalEulerAnglesHint.z
      value: 33
      objectReference: {fileID: 0}
    m_RemovedComponents: []
  m_SourcePrefab: {fileID: 100100000, guid: 9570835caf708fdef986a1b75dbf7dc4, type: 3}
--- !u!4 &1715245340 stripped
Transform:
  m_CorrespondingSourceObject: {fileID: 1426526525353318293, guid: 9570835caf708fdef986a1b75dbf7dc4, type: 3}
  m_PrefabInstance: {fileID: 1715245339}
  m_PrefabAsset: {fileID: 0}
--- !u!1001 &1735324609
PrefabInstance:
  m_ObjectHideFlags: 0
  serializedVersion: 2
  m_Modification:
    m_TransformParent: {fileID: 166775372}
    m_Modifications:
    - target: {fileID: 3855868761091861311, guid: 2e6856101b8d9c8a1b4a706b8e91dcd4, type: 3}
      propertyPath: m_Name
      value: Right Side
      objectReference: {fileID: 0}
    - target: {fileID: 5488417914949905539, guid: 2e6856101b8d9c8a1b4a706b8e91dcd4, type: 3}
      propertyPath: m_RootOrder
      value: 0
      objectReference: {fileID: 0}
    - target: {fileID: 5488417914949905539, guid: 2e6856101b8d9c8a1b4a706b8e91dcd4, type: 3}
      propertyPath: m_LocalPosition.x
      value: 10.5
      objectReference: {fileID: 0}
    - target: {fileID: 5488417914949905539, guid: 2e6856101b8d9c8a1b4a706b8e91dcd4, type: 3}
      propertyPath: m_LocalPosition.y
      value: 0
      objectReference: {fileID: 0}
    - target: {fileID: 5488417914949905539, guid: 2e6856101b8d9c8a1b4a706b8e91dcd4, type: 3}
      propertyPath: m_LocalPosition.z
      value: 0
      objectReference: {fileID: 0}
    - target: {fileID: 5488417914949905539, guid: 2e6856101b8d9c8a1b4a706b8e91dcd4, type: 3}
      propertyPath: m_LocalRotation.w
      value: 0.7071068
      objectReference: {fileID: 0}
    - target: {fileID: 5488417914949905539, guid: 2e6856101b8d9c8a1b4a706b8e91dcd4, type: 3}
      propertyPath: m_LocalRotation.x
      value: -0
      objectReference: {fileID: 0}
    - target: {fileID: 5488417914949905539, guid: 2e6856101b8d9c8a1b4a706b8e91dcd4, type: 3}
      propertyPath: m_LocalRotation.y
      value: 0.7071068
      objectReference: {fileID: 0}
    - target: {fileID: 5488417914949905539, guid: 2e6856101b8d9c8a1b4a706b8e91dcd4, type: 3}
      propertyPath: m_LocalRotation.z
      value: -0
      objectReference: {fileID: 0}
    - target: {fileID: 5488417914949905539, guid: 2e6856101b8d9c8a1b4a706b8e91dcd4, type: 3}
      propertyPath: m_LocalEulerAnglesHint.x
      value: 0
      objectReference: {fileID: 0}
    - target: {fileID: 5488417914949905539, guid: 2e6856101b8d9c8a1b4a706b8e91dcd4, type: 3}
      propertyPath: m_LocalEulerAnglesHint.y
      value: 90
      objectReference: {fileID: 0}
    - target: {fileID: 5488417914949905539, guid: 2e6856101b8d9c8a1b4a706b8e91dcd4, type: 3}
      propertyPath: m_LocalEulerAnglesHint.z
      value: 0
      objectReference: {fileID: 0}
    m_RemovedComponents: []
  m_SourcePrefab: {fileID: 100100000, guid: 2e6856101b8d9c8a1b4a706b8e91dcd4, type: 3}
--- !u!4 &1832138102 stripped
Transform:
  m_CorrespondingSourceObject: {fileID: 5488417914949905539, guid: 2e6856101b8d9c8a1b4a706b8e91dcd4, type: 3}
  m_PrefabInstance: {fileID: 1316287135}
  m_PrefabAsset: {fileID: 0}
--- !u!4 &1869456112 stripped
Transform:
  m_CorrespondingSourceObject: {fileID: 5488417914949905539, guid: 2e6856101b8d9c8a1b4a706b8e91dcd4, type: 3}
  m_PrefabInstance: {fileID: 1912714965}
  m_PrefabAsset: {fileID: 0}
--- !u!1001 &1880734212
PrefabInstance:
  m_ObjectHideFlags: 0
  serializedVersion: 2
  m_Modification:
    m_TransformParent: {fileID: 1137264437}
    m_Modifications:
    - target: {fileID: 3139860540660163568, guid: 1c125d38b52907b8a913b7fc03200332, type: 3}
      propertyPath: m_RootOrder
      value: 4
      objectReference: {fileID: 0}
    - target: {fileID: 3139860540660163568, guid: 1c125d38b52907b8a913b7fc03200332, type: 3}
      propertyPath: m_LocalPosition.x
      value: 3.45
      objectReference: {fileID: 0}
    - target: {fileID: 3139860540660163568, guid: 1c125d38b52907b8a913b7fc03200332, type: 3}
      propertyPath: m_LocalPosition.y
      value: 15.45
      objectReference: {fileID: 0}
    - target: {fileID: 3139860540660163568, guid: 1c125d38b52907b8a913b7fc03200332, type: 3}
      propertyPath: m_LocalPosition.z
      value: 19.01
      objectReference: {fileID: 0}
    - target: {fileID: 3139860540660163568, guid: 1c125d38b52907b8a913b7fc03200332, type: 3}
      propertyPath: m_LocalRotation.w
      value: 1
      objectReference: {fileID: 0}
    - target: {fileID: 3139860540660163568, guid: 1c125d38b52907b8a913b7fc03200332, type: 3}
      propertyPath: m_LocalRotation.x
      value: -0
      objectReference: {fileID: 0}
    - target: {fileID: 3139860540660163568, guid: 1c125d38b52907b8a913b7fc03200332, type: 3}
      propertyPath: m_LocalRotation.y
      value: -0
      objectReference: {fileID: 0}
    - target: {fileID: 3139860540660163568, guid: 1c125d38b52907b8a913b7fc03200332, type: 3}
      propertyPath: m_LocalRotation.z
      value: -0
      objectReference: {fileID: 0}
    - target: {fileID: 3139860540660163568, guid: 1c125d38b52907b8a913b7fc03200332, type: 3}
      propertyPath: m_LocalEulerAnglesHint.x
      value: 0
      objectReference: {fileID: 0}
    - target: {fileID: 3139860540660163568, guid: 1c125d38b52907b8a913b7fc03200332, type: 3}
      propertyPath: m_LocalEulerAnglesHint.y
      value: 0
      objectReference: {fileID: 0}
    - target: {fileID: 3139860540660163568, guid: 1c125d38b52907b8a913b7fc03200332, type: 3}
      propertyPath: m_LocalEulerAnglesHint.z
      value: 0
      objectReference: {fileID: 0}
    - target: {fileID: 3139860540660163575, guid: 1c125d38b52907b8a913b7fc03200332, type: 3}
      propertyPath: m_Name
      value: Ball (4)
      objectReference: {fileID: 0}
    m_RemovedComponents: []
  m_SourcePrefab: {fileID: 100100000, guid: 1c125d38b52907b8a913b7fc03200332, type: 3}
--- !u!4 &1880734213 stripped
Transform:
  m_CorrespondingSourceObject: {fileID: 3139860540660163568, guid: 1c125d38b52907b8a913b7fc03200332, type: 3}
  m_PrefabInstance: {fileID: 1880734212}
  m_PrefabAsset: {fileID: 0}
--- !u!1001 &1912714965
PrefabInstance:
  m_ObjectHideFlags: 0
  serializedVersion: 2
  m_Modification:
    m_TransformParent: {fileID: 1357443253}
    m_Modifications:
    - target: {fileID: 3855868761091861311, guid: 2e6856101b8d9c8a1b4a706b8e91dcd4, type: 3}
      propertyPath: m_Name
      value: Wall 4
      objectReference: {fileID: 0}
    - target: {fileID: 5488417914949905539, guid: 2e6856101b8d9c8a1b4a706b8e91dcd4, type: 3}
      propertyPath: m_RootOrder
      value: 3
      objectReference: {fileID: 0}
    - target: {fileID: 5488417914949905539, guid: 2e6856101b8d9c8a1b4a706b8e91dcd4, type: 3}
      propertyPath: m_LocalScale.x
      value: 4.03
      objectReference: {fileID: 0}
    - target: {fileID: 5488417914949905539, guid: 2e6856101b8d9c8a1b4a706b8e91dcd4, type: 3}
      propertyPath: m_LocalScale.y
      value: 0.5
      objectReference: {fileID: 0}
    - target: {fileID: 5488417914949905539, guid: 2e6856101b8d9c8a1b4a706b8e91dcd4, type: 3}
      propertyPath: m_LocalScale.z
      value: 0.5
      objectReference: {fileID: 0}
    - target: {fileID: 5488417914949905539, guid: 2e6856101b8d9c8a1b4a706b8e91dcd4, type: 3}
      propertyPath: m_LocalPosition.x
      value: 4.68
      objectReference: {fileID: 0}
    - target: {fileID: 5488417914949905539, guid: 2e6856101b8d9c8a1b4a706b8e91dcd4, type: 3}
      propertyPath: m_LocalPosition.y
      value: 0.25
      objectReference: {fileID: 0}
    - target: {fileID: 5488417914949905539, guid: 2e6856101b8d9c8a1b4a706b8e91dcd4, type: 3}
      propertyPath: m_LocalPosition.z
      value: 3.45
      objectReference: {fileID: 0}
    - target: {fileID: 5488417914949905539, guid: 2e6856101b8d9c8a1b4a706b8e91dcd4, type: 3}
      propertyPath: m_LocalRotation.w
      value: 0.3802635
      objectReference: {fileID: 0}
    - target: {fileID: 5488417914949905539, guid: 2e6856101b8d9c8a1b4a706b8e91dcd4, type: 3}
      propertyPath: m_LocalRotation.x
      value: -0
      objectReference: {fileID: 0}
    - target: {fileID: 5488417914949905539, guid: 2e6856101b8d9c8a1b4a706b8e91dcd4, type: 3}
      propertyPath: m_LocalRotation.y
      value: 0.9248782
      objectReference: {fileID: 0}
    - target: {fileID: 5488417914949905539, guid: 2e6856101b8d9c8a1b4a706b8e91dcd4, type: 3}
      propertyPath: m_LocalRotation.z
      value: -0
      objectReference: {fileID: 0}
    - target: {fileID: 5488417914949905539, guid: 2e6856101b8d9c8a1b4a706b8e91dcd4, type: 3}
      propertyPath: m_LocalEulerAnglesHint.x
      value: 0
      objectReference: {fileID: 0}
    - target: {fileID: 5488417914949905539, guid: 2e6856101b8d9c8a1b4a706b8e91dcd4, type: 3}
      propertyPath: m_LocalEulerAnglesHint.y
      value: 135.3
      objectReference: {fileID: 0}
    - target: {fileID: 5488417914949905539, guid: 2e6856101b8d9c8a1b4a706b8e91dcd4, type: 3}
      propertyPath: m_LocalEulerAnglesHint.z
      value: 0
      objectReference: {fileID: 0}
    m_RemovedComponents: []
  m_SourcePrefab: {fileID: 100100000, guid: 2e6856101b8d9c8a1b4a706b8e91dcd4, type: 3}
--- !u!1001 &1941171474
PrefabInstance:
  m_ObjectHideFlags: 0
  serializedVersion: 2
  m_Modification:
    m_TransformParent: {fileID: 1137264437}
    m_Modifications:
    - target: {fileID: 3139860540660163568, guid: 1c125d38b52907b8a913b7fc03200332, type: 3}
      propertyPath: m_RootOrder
      value: 8
      objectReference: {fileID: 0}
    - target: {fileID: 3139860540660163568, guid: 1c125d38b52907b8a913b7fc03200332, type: 3}
      propertyPath: m_LocalPosition.x
      value: -27.14
      objectReference: {fileID: 0}
    - target: {fileID: 3139860540660163568, guid: 1c125d38b52907b8a913b7fc03200332, type: 3}
      propertyPath: m_LocalPosition.y
      value: 13.73
      objectReference: {fileID: 0}
    - target: {fileID: 3139860540660163568, guid: 1c125d38b52907b8a913b7fc03200332, type: 3}
      propertyPath: m_LocalPosition.z
      value: -0.16
      objectReference: {fileID: 0}
    - target: {fileID: 3139860540660163568, guid: 1c125d38b52907b8a913b7fc03200332, type: 3}
      propertyPath: m_LocalRotation.w
      value: 1
      objectReference: {fileID: 0}
    - target: {fileID: 3139860540660163568, guid: 1c125d38b52907b8a913b7fc03200332, type: 3}
      propertyPath: m_LocalRotation.x
      value: -0
      objectReference: {fileID: 0}
    - target: {fileID: 3139860540660163568, guid: 1c125d38b52907b8a913b7fc03200332, type: 3}
      propertyPath: m_LocalRotation.y
      value: -0
      objectReference: {fileID: 0}
    - target: {fileID: 3139860540660163568, guid: 1c125d38b52907b8a913b7fc03200332, type: 3}
      propertyPath: m_LocalRotation.z
      value: -0
      objectReference: {fileID: 0}
    - target: {fileID: 3139860540660163568, guid: 1c125d38b52907b8a913b7fc03200332, type: 3}
      propertyPath: m_LocalEulerAnglesHint.x
      value: 0
      objectReference: {fileID: 0}
    - target: {fileID: 3139860540660163568, guid: 1c125d38b52907b8a913b7fc03200332, type: 3}
      propertyPath: m_LocalEulerAnglesHint.y
      value: 0
      objectReference: {fileID: 0}
    - target: {fileID: 3139860540660163568, guid: 1c125d38b52907b8a913b7fc03200332, type: 3}
      propertyPath: m_LocalEulerAnglesHint.z
      value: 0
      objectReference: {fileID: 0}
    - target: {fileID: 3139860540660163575, guid: 1c125d38b52907b8a913b7fc03200332, type: 3}
      propertyPath: m_Name
      value: Ball (8)
      objectReference: {fileID: 0}
    m_RemovedComponents: []
  m_SourcePrefab: {fileID: 100100000, guid: 1c125d38b52907b8a913b7fc03200332, type: 3}
--- !u!4 &1941171475 stripped
Transform:
  m_CorrespondingSourceObject: {fileID: 3139860540660163568, guid: 1c125d38b52907b8a913b7fc03200332, type: 3}
  m_PrefabInstance: {fileID: 1941171474}
  m_PrefabAsset: {fileID: 0}
--- !u!1001 &2038344108
PrefabInstance:
  m_ObjectHideFlags: 0
  serializedVersion: 2
  m_Modification:
    m_TransformParent: {fileID: 166775372}
    m_Modifications:
    - target: {fileID: 3855868761091861311, guid: 2e6856101b8d9c8a1b4a706b8e91dcd4, type: 3}
      propertyPath: m_Name
      value: Bottom Side
      objectReference: {fileID: 0}
    - target: {fileID: 5488417914949905539, guid: 2e6856101b8d9c8a1b4a706b8e91dcd4, type: 3}
      propertyPath: m_RootOrder
      value: 2
      objectReference: {fileID: 0}
    - target: {fileID: 5488417914949905539, guid: 2e6856101b8d9c8a1b4a706b8e91dcd4, type: 3}
      propertyPath: m_LocalPosition.x
      value: 0
      objectReference: {fileID: 0}
    - target: {fileID: 5488417914949905539, guid: 2e6856101b8d9c8a1b4a706b8e91dcd4, type: 3}
      propertyPath: m_LocalPosition.y
      value: 0
      objectReference: {fileID: 0}
    - target: {fileID: 5488417914949905539, guid: 2e6856101b8d9c8a1b4a706b8e91dcd4, type: 3}
      propertyPath: m_LocalPosition.z
      value: -10.5
      objectReference: {fileID: 0}
    - target: {fileID: 5488417914949905539, guid: 2e6856101b8d9c8a1b4a706b8e91dcd4, type: 3}
      propertyPath: m_LocalRotation.w
      value: 1
      objectReference: {fileID: 0}
    - target: {fileID: 5488417914949905539, guid: 2e6856101b8d9c8a1b4a706b8e91dcd4, type: 3}
      propertyPath: m_LocalRotation.x
      value: -0
      objectReference: {fileID: 0}
    - target: {fileID: 5488417914949905539, guid: 2e6856101b8d9c8a1b4a706b8e91dcd4, type: 3}
      propertyPath: m_LocalRotation.y
      value: -0
      objectReference: {fileID: 0}
    - target: {fileID: 5488417914949905539, guid: 2e6856101b8d9c8a1b4a706b8e91dcd4, type: 3}
      propertyPath: m_LocalRotation.z
      value: -0
      objectReference: {fileID: 0}
    - target: {fileID: 5488417914949905539, guid: 2e6856101b8d9c8a1b4a706b8e91dcd4, type: 3}
      propertyPath: m_LocalEulerAnglesHint.x
      value: 0
      objectReference: {fileID: 0}
    - target: {fileID: 5488417914949905539, guid: 2e6856101b8d9c8a1b4a706b8e91dcd4, type: 3}
      propertyPath: m_LocalEulerAnglesHint.y
      value: 0
      objectReference: {fileID: 0}
    - target: {fileID: 5488417914949905539, guid: 2e6856101b8d9c8a1b4a706b8e91dcd4, type: 3}
      propertyPath: m_LocalEulerAnglesHint.z
      value: 0
      objectReference: {fileID: 0}
    m_RemovedComponents: []
  m_SourcePrefab: {fileID: 100100000, guid: 2e6856101b8d9c8a1b4a706b8e91dcd4, type: 3}
--- !u!1001 &2071270331
PrefabInstance:
  m_ObjectHideFlags: 0
  serializedVersion: 2
  m_Modification:
    m_TransformParent: {fileID: 1137264437}
    m_Modifications:
    - target: {fileID: 3139860540660163568, guid: 1c125d38b52907b8a913b7fc03200332, type: 3}
      propertyPath: m_RootOrder
      value: 9
      objectReference: {fileID: 0}
    - target: {fileID: 3139860540660163568, guid: 1c125d38b52907b8a913b7fc03200332, type: 3}
      propertyPath: m_LocalPosition.x
      value: -19.84
      objectReference: {fileID: 0}
    - target: {fileID: 3139860540660163568, guid: 1c125d38b52907b8a913b7fc03200332, type: 3}
      propertyPath: m_LocalPosition.y
      value: 17.54
      objectReference: {fileID: 0}
    - target: {fileID: 3139860540660163568, guid: 1c125d38b52907b8a913b7fc03200332, type: 3}
      propertyPath: m_LocalPosition.z
      value: 2.99
      objectReference: {fileID: 0}
    - target: {fileID: 3139860540660163568, guid: 1c125d38b52907b8a913b7fc03200332, type: 3}
      propertyPath: m_LocalRotation.w
      value: 1
      objectReference: {fileID: 0}
    - target: {fileID: 3139860540660163568, guid: 1c125d38b52907b8a913b7fc03200332, type: 3}
      propertyPath: m_LocalRotation.x
      value: -0
      objectReference: {fileID: 0}
    - target: {fileID: 3139860540660163568, guid: 1c125d38b52907b8a913b7fc03200332, type: 3}
      propertyPath: m_LocalRotation.y
      value: -0
      objectReference: {fileID: 0}
    - target: {fileID: 3139860540660163568, guid: 1c125d38b52907b8a913b7fc03200332, type: 3}
      propertyPath: m_LocalRotation.z
      value: -0
      objectReference: {fileID: 0}
    - target: {fileID: 3139860540660163568, guid: 1c125d38b52907b8a913b7fc03200332, type: 3}
      propertyPath: m_LocalEulerAnglesHint.x
      value: 0
      objectReference: {fileID: 0}
    - target: {fileID: 3139860540660163568, guid: 1c125d38b52907b8a913b7fc03200332, type: 3}
      propertyPath: m_LocalEulerAnglesHint.y
      value: 0
      objectReference: {fileID: 0}
    - target: {fileID: 3139860540660163568, guid: 1c125d38b52907b8a913b7fc03200332, type: 3}
      propertyPath: m_LocalEulerAnglesHint.z
      value: 0
      objectReference: {fileID: 0}
    - target: {fileID: 3139860540660163575, guid: 1c125d38b52907b8a913b7fc03200332, type: 3}
      propertyPath: m_Name
      value: Ball (9)
      objectReference: {fileID: 0}
    m_RemovedComponents: []
  m_SourcePrefab: {fileID: 100100000, guid: 1c125d38b52907b8a913b7fc03200332, type: 3}
--- !u!4 &2071270332 stripped
Transform:
  m_CorrespondingSourceObject: {fileID: 3139860540660163568, guid: 1c125d38b52907b8a913b7fc03200332, type: 3}
  m_PrefabInstance: {fileID: 2071270331}
  m_PrefabAsset: {fileID: 0}
--- !u!1 &2134062072
GameObject:
  m_ObjectHideFlags: 0
  m_CorrespondingSourceObject: {fileID: 0}
  m_PrefabInstance: {fileID: 0}
  m_PrefabAsset: {fileID: 0}
  serializedVersion: 6
  m_Component:
  - component: {fileID: 2134062076}
  - component: {fileID: 2134062075}
  - component: {fileID: 2134062074}
  - component: {fileID: 2134062073}
  - component: {fileID: 2134062079}
  - component: {fileID: 2134062078}
  m_Layer: 0
  m_Name: Player
  m_TagString: Player
  m_Icon: {fileID: 0}
  m_NavMeshLayer: 0
  m_StaticEditorFlags: 0
  m_IsActive: 1
--- !u!65 &2134062073
BoxCollider:
  m_ObjectHideFlags: 0
  m_CorrespondingSourceObject: {fileID: 0}
  m_PrefabInstance: {fileID: 0}
  m_PrefabAsset: {fileID: 0}
  m_GameObject: {fileID: 2134062072}
  m_Material: {fileID: 0}
  m_IsTrigger: 0
  m_Enabled: 1
  serializedVersion: 2
  m_Size: {x: 1, y: 1, z: 1}
  m_Center: {x: 0, y: 0, z: 0}
--- !u!23 &2134062074
MeshRenderer:
  m_ObjectHideFlags: 0
  m_CorrespondingSourceObject: {fileID: 0}
  m_PrefabInstance: {fileID: 0}
  m_PrefabAsset: {fileID: 0}
  m_GameObject: {fileID: 2134062072}
  m_Enabled: 1
  m_CastShadows: 1
  m_ReceiveShadows: 1
  m_DynamicOccludee: 1
  m_StaticShadowCaster: 0
  m_MotionVectors: 1
  m_LightProbeUsage: 1
  m_ReflectionProbeUsage: 1
  m_RayTracingMode: 2
  m_RayTraceProcedural: 0
  m_RenderingLayerMask: 1
  m_RendererPriority: 0
  m_Materials:
  - {fileID: 2100000, guid: 856b5e07b809c9bb3a92378fb5c819e1, type: 2}
  m_StaticBatchInfo:
    firstSubMesh: 0
    subMeshCount: 0
  m_StaticBatchRoot: {fileID: 0}
  m_ProbeAnchor: {fileID: 0}
  m_LightProbeVolumeOverride: {fileID: 0}
  m_ScaleInLightmap: 1
  m_ReceiveGI: 1
  m_PreserveUVs: 0
  m_IgnoreNormalsForChartDetection: 0
  m_ImportantGI: 0
  m_StitchLightmapSeams: 1
  m_SelectedEditorRenderState: 3
  m_MinimumChartSize: 4
  m_AutoUVMaxDistance: 0.5
  m_AutoUVMaxAngle: 89
  m_LightmapParameters: {fileID: 0}
  m_SortingLayerID: 0
  m_SortingLayer: 0
  m_SortingOrder: 0
  m_AdditionalVertexStreams: {fileID: 0}
--- !u!33 &2134062075
MeshFilter:
  m_ObjectHideFlags: 0
  m_CorrespondingSourceObject: {fileID: 0}
  m_PrefabInstance: {fileID: 0}
  m_PrefabAsset: {fileID: 0}
  m_GameObject: {fileID: 2134062072}
  m_Mesh: {fileID: 10202, guid: 0000000000000000e000000000000000, type: 0}
--- !u!4 &2134062076
Transform:
  m_ObjectHideFlags: 0
  m_CorrespondingSourceObject: {fileID: 0}
  m_PrefabInstance: {fileID: 0}
  m_PrefabAsset: {fileID: 0}
  m_GameObject: {fileID: 2134062072}
  m_LocalRotation: {x: 0, y: 0, z: 0, w: 1}
  m_LocalPosition: {x: -7.92, y: 0.25, z: -7.91}
  m_LocalScale: {x: 1, y: 0.5, z: 1}
  m_ConstrainProportionsScale: 0
  m_Children: []
  m_Father: {fileID: 0}
  m_RootOrder: 2
  m_LocalEulerAnglesHint: {x: 0, y: 0, z: 0}
--- !u!114 &2134062078
MonoBehaviour:
  m_ObjectHideFlags: 0
  m_CorrespondingSourceObject: {fileID: 0}
  m_PrefabInstance: {fileID: 0}
  m_PrefabAsset: {fileID: 0}
  m_GameObject: {fileID: 2134062072}
  m_Enabled: 1
  m_EditorHideFlags: 0
  m_Script: {fileID: 11500000, guid: 0cde3230355dc9573a696ac664a6aac1, type: 3}
  m_Name: 
  m_EditorClassIdentifier: 
--- !u!54 &2134062079
Rigidbody:
  m_ObjectHideFlags: 0
  m_CorrespondingSourceObject: {fileID: 0}
  m_PrefabInstance: {fileID: 0}
  m_PrefabAsset: {fileID: 0}
  m_GameObject: {fileID: 2134062072}
  serializedVersion: 2
  m_Mass: 1
  m_Drag: 0
  m_AngularDrag: 0.05
  m_UseGravity: 0
  m_IsKinematic: 0
  m_Interpolate: 0
  m_Constraints: 116
  m_CollisionDetection: 1
--- !u!4 &2144810588 stripped
Transform:
  m_CorrespondingSourceObject: {fileID: 2598619694972572831, guid: 78457a46a6461ea6faf591a9e1e3300f, type: 3}
  m_PrefabInstance: {fileID: 398624235}
  m_PrefabAsset: {fileID: 0}
--- !u!1001 &1426526526423314693
PrefabInstance:
  m_ObjectHideFlags: 0
  serializedVersion: 2
  m_Modification:
    m_TransformParent: {fileID: 1582522761}
    m_Modifications:
    - target: {fileID: 1426526525353318286, guid: 9570835caf708fdef986a1b75dbf7dc4, type: 3}
      propertyPath: m_Name
      value: Slope
      objectReference: {fileID: 0}
    - target: {fileID: 1426526525353318293, guid: 9570835caf708fdef986a1b75dbf7dc4, type: 3}
      propertyPath: m_RootOrder
      value: 0
      objectReference: {fileID: 0}
    - target: {fileID: 1426526525353318293, guid: 9570835caf708fdef986a1b75dbf7dc4, type: 3}
      propertyPath: m_LocalScale.x
      value: 20
      objectReference: {fileID: 0}
    - target: {fileID: 1426526525353318293, guid: 9570835caf708fdef986a1b75dbf7dc4, type: 3}
      propertyPath: m_LocalPosition.x
      value: 20.61
      objectReference: {fileID: 0}
    - target: {fileID: 1426526525353318293, guid: 9570835caf708fdef986a1b75dbf7dc4, type: 3}
      propertyPath: m_LocalPosition.y
      value: 8.15
      objectReference: {fileID: 0}
    - target: {fileID: 1426526525353318293, guid: 9570835caf708fdef986a1b75dbf7dc4, type: 3}
      propertyPath: m_LocalPosition.z
      value: 0
      objectReference: {fileID: 0}
    - target: {fileID: 1426526525353318293, guid: 9570835caf708fdef986a1b75dbf7dc4, type: 3}
      propertyPath: m_LocalRotation.w
      value: 0.95881975
      objectReference: {fileID: 0}
    - target: {fileID: 1426526525353318293, guid: 9570835caf708fdef986a1b75dbf7dc4, type: 3}
      propertyPath: m_LocalRotation.x
      value: 0
      objectReference: {fileID: 0}
    - target: {fileID: 1426526525353318293, guid: 9570835caf708fdef986a1b75dbf7dc4, type: 3}
      propertyPath: m_LocalRotation.y
      value: 0
      objectReference: {fileID: 0}
    - target: {fileID: 1426526525353318293, guid: 9570835caf708fdef986a1b75dbf7dc4, type: 3}
      propertyPath: m_LocalRotation.z
      value: 0.2840153
      objectReference: {fileID: 0}
    - target: {fileID: 1426526525353318293, guid: 9570835caf708fdef986a1b75dbf7dc4, type: 3}
      propertyPath: m_LocalEulerAnglesHint.x
      value: 0
      objectReference: {fileID: 0}
    - target: {fileID: 1426526525353318293, guid: 9570835caf708fdef986a1b75dbf7dc4, type: 3}
      propertyPath: m_LocalEulerAnglesHint.y
      value: 0
      objectReference: {fileID: 0}
    - target: {fileID: 1426526525353318293, guid: 9570835caf708fdef986a1b75dbf7dc4, type: 3}
      propertyPath: m_LocalEulerAnglesHint.z
      value: 33
      objectReference: {fileID: 0}
    m_RemovedComponents: []
  m_SourcePrefab: {fileID: 100100000, guid: 9570835caf708fdef986a1b75dbf7dc4, type: 3}
--- !u!1001 &3139860540301741758
PrefabInstance:
  m_ObjectHideFlags: 0
  serializedVersion: 2
  m_Modification:
    m_TransformParent: {fileID: 1137264437}
    m_Modifications:
    - target: {fileID: 3139860540660163568, guid: 1c125d38b52907b8a913b7fc03200332, type: 3}
      propertyPath: m_RootOrder
      value: 0
      objectReference: {fileID: 0}
    - target: {fileID: 3139860540660163568, guid: 1c125d38b52907b8a913b7fc03200332, type: 3}
      propertyPath: m_LocalPosition.x
      value: 27.82
      objectReference: {fileID: 0}
    - target: {fileID: 3139860540660163568, guid: 1c125d38b52907b8a913b7fc03200332, type: 3}
      propertyPath: m_LocalPosition.y
      value: 11.15
      objectReference: {fileID: 0}
    - target: {fileID: 3139860540660163568, guid: 1c125d38b52907b8a913b7fc03200332, type: 3}
      propertyPath: m_LocalPosition.z
      value: 6.214821
      objectReference: {fileID: 0}
    - target: {fileID: 3139860540660163568, guid: 1c125d38b52907b8a913b7fc03200332, type: 3}
      propertyPath: m_LocalRotation.w
      value: 1
      objectReference: {fileID: 0}
    - target: {fileID: 3139860540660163568, guid: 1c125d38b52907b8a913b7fc03200332, type: 3}
      propertyPath: m_LocalRotation.x
      value: -0
      objectReference: {fileID: 0}
    - target: {fileID: 3139860540660163568, guid: 1c125d38b52907b8a913b7fc03200332, type: 3}
      propertyPath: m_LocalRotation.y
      value: -0
      objectReference: {fileID: 0}
    - target: {fileID: 3139860540660163568, guid: 1c125d38b52907b8a913b7fc03200332, type: 3}
      propertyPath: m_LocalRotation.z
      value: -0
      objectReference: {fileID: 0}
    - target: {fileID: 3139860540660163568, guid: 1c125d38b52907b8a913b7fc03200332, type: 3}
      propertyPath: m_LocalEulerAnglesHint.x
      value: 0
      objectReference: {fileID: 0}
    - target: {fileID: 3139860540660163568, guid: 1c125d38b52907b8a913b7fc03200332, type: 3}
      propertyPath: m_LocalEulerAnglesHint.y
      value: 0
      objectReference: {fileID: 0}
    - target: {fileID: 3139860540660163568, guid: 1c125d38b52907b8a913b7fc03200332, type: 3}
      propertyPath: m_LocalEulerAnglesHint.z
      value: 0
      objectReference: {fileID: 0}
    - target: {fileID: 3139860540660163575, guid: 1c125d38b52907b8a913b7fc03200332, type: 3}
      propertyPath: m_Name
      value: Ball
      objectReference: {fileID: 0}
    m_RemovedComponents: []
  m_SourcePrefab: {fileID: 100100000, guid: 1c125d38b52907b8a913b7fc03200332, type: 3}
--- !u!1001 &7510563662582730821
PrefabInstance:
  m_ObjectHideFlags: 0
  serializedVersion: 2
  m_Modification:
    m_TransformParent: {fileID: 1095742043}
    m_Modifications:
    - target: {fileID: 2598619694972572831, guid: 78457a46a6461ea6faf591a9e1e3300f, type: 3}
      propertyPath: m_RootOrder
      value: 2
      objectReference: {fileID: 0}
    - target: {fileID: 2598619694972572831, guid: 78457a46a6461ea6faf591a9e1e3300f, type: 3}
      propertyPath: m_LocalPosition.x
      value: 0
      objectReference: {fileID: 0}
    - target: {fileID: 2598619694972572831, guid: 78457a46a6461ea6faf591a9e1e3300f, type: 3}
      propertyPath: m_LocalPosition.y
      value: 0.3
      objectReference: {fileID: 0}
    - target: {fileID: 2598619694972572831, guid: 78457a46a6461ea6faf591a9e1e3300f, type: 3}
      propertyPath: m_LocalPosition.z
      value: 4.11
      objectReference: {fileID: 0}
    - target: {fileID: 2598619694972572831, guid: 78457a46a6461ea6faf591a9e1e3300f, type: 3}
      propertyPath: m_LocalRotation.w
      value: 1
      objectReference: {fileID: 0}
    - target: {fileID: 2598619694972572831, guid: 78457a46a6461ea6faf591a9e1e3300f, type: 3}
      propertyPath: m_LocalRotation.x
      value: -0
      objectReference: {fileID: 0}
    - target: {fileID: 2598619694972572831, guid: 78457a46a6461ea6faf591a9e1e3300f, type: 3}
      propertyPath: m_LocalRotation.y
      value: -0
      objectReference: {fileID: 0}
    - target: {fileID: 2598619694972572831, guid: 78457a46a6461ea6faf591a9e1e3300f, type: 3}
      propertyPath: m_LocalRotation.z
      value: -0
      objectReference: {fileID: 0}
    - target: {fileID: 2598619694972572831, guid: 78457a46a6461ea6faf591a9e1e3300f, type: 3}
      propertyPath: m_LocalEulerAnglesHint.x
      value: 0
      objectReference: {fileID: 0}
    - target: {fileID: 2598619694972572831, guid: 78457a46a6461ea6faf591a9e1e3300f, type: 3}
      propertyPath: m_LocalEulerAnglesHint.y
      value: 0
      objectReference: {fileID: 0}
    - target: {fileID: 2598619694972572831, guid: 78457a46a6461ea6faf591a9e1e3300f, type: 3}
      propertyPath: m_LocalEulerAnglesHint.z
      value: 0
      objectReference: {fileID: 0}
    - target: {fileID: 6753198143802823459, guid: 78457a46a6461ea6faf591a9e1e3300f, type: 3}
      propertyPath: m_Name
      value: Spinner 3
      objectReference: {fileID: 0}
    m_RemovedComponents: []
  m_SourcePrefab: {fileID: 100100000, guid: 78457a46a6461ea6faf591a9e1e3300f, type: 3}
